% Encoding: UTF-8


@inproceedings{Loukas20,
	author    = {Andreas Loukas},
	title     = {What graph neural networks cannot learn: depth vs width},
	booktitle = {International Conference on Learning Representations},
	year      = {2020}
}

@article{Kie+2020,
	author    = {S. Kiefer and
	B. D. McKay},
	title     = {The Iteration Number of Colour Refinement},
	journal   = {CoRR},
	volume    = {abs/2005.10182},
	year      = {2020}
}

@article{Wan+2019,
	title={Deep Graph Library: Towards Efficient and Scalable Deep Learning on Graphs},
	url={https://arxiv.org/abs/1909.01315},
	author={Wang, M. and Yu, L. and Zheng, D. and Gan, Q. and Gai, Y. and Ye, Z. and Li, M. and Zhou, J. and Huang, Q. and Ma, C. and Huang, Z. and Guo, Q. and Zhang, H. and Lin, H. and Zhao, J. and Li, J. and Smola, A. J. and Zhang, Z.},
	journal={ICLR Workshop on Representation Learning on Graphs and Manifolds},
	year={2019}
}

@article{Sig+2018,
	author    = {G. Siglidis and
	G. Nikolentzos and
	S. Limnios and
	C. Giatsidis and
	K. Skianis and
	M. Vazirgiannis},
	title     = {GraKeL: {A} Graph Kernel Library in Python},
	journal   = {CoRR},
	volume    = {abs/1806.02193},
	year      = {2018}
}

@article{Che+2019new,
	author    = {T. Chen and
	S. Bian and
	Y. Sun},
	title     = {Are Powerful Graph Neural Nets Necessary? {A} Dissection on Graph
	Classification},
	journal   = {CoRR},
	volume    = {abs/1905.04579},
	year      = {2019}
}

@Article{Helma2001,
	title                    = {The Predictive Toxicology Challenge 2000–2001},
	author                   = {Helma, C. and King, R. D. and Kramer, S. and Srinivasan, A.},
	journal                  = {Bioinformatics},
	year                     = {2001},
	note                     = {\url{http://www.predictive-toxicology.org/ptc/}},
	number                   = {1},
	pages                    = {107-108},
	volume                   = {17}
}

@Article{Kim2018,
	author    = {Kim, S. and Chen, J. and Cheng, T. and Gindulyte, A. and He, J. and He, S. and Li, Q. and Shoemaker, B. A. and Thiessen, P. A. and Yu, B. and Zaslavsky, L. and Zhang, J. and Bolton, E. E.},
	title     = {{PubChem 2019 update: improved access to chemical data}},
	journal   = {Nucleic Acids Research},
	year      = {2018},
	volume    = {47},
	number    = {D1},
	pages     = {D1102-D1109},
	month     = {10}
}

@InProceedings{Yan2008,
	author    = {X. Yan and H. Cheng and J. Han and P. S. Yu},
	title     = {Mining Significant Graph Patterns by Leap Search},
	booktitle = {{ACM} {SIGMOD} International Conference on Management of Data},
	year      = {2008},
	pages     = {433–444}
}

@article{Hu+2020,
	author    = {W. Hu and
	M. Fey and
	M. Zitnik and
	Y. Dong and
	H. Ren and
	B. Liu and
	M. Catasta and
	J. Leskovec},
	title     = {Open Graph Benchmark: Datasets for Machine Learning on Graphs},
	journal   = {CoRR},
	year      = {2020}
}

@InProceedings{Err+2019,
	author    = {F. Errica and
	M. Podda and
	D. Bacciu and
	A. Micheli},
	title     = {A Fair Comparison of Graph Neural Networks for Graph Classification},
	booktitle   = {International Conference on Learning Representation},
	year      = {2019}
}

@article{Fer+2019,
	author    = {P. Ferber and
	T. Ma and
	S. Huo and
	J. Chen and
	M. Katz},
	title     = {{IPC:} {A} Benchmark Data Set for Learning with Graph-Structured Data},
	journal   = {CoRR},
	volume    = {abs/1905.06393},
	year      = {2019}
}

@InProceedings{Tog+2019,
  author    = {Togninalli, M. and Ghisu, E. and Llinares{-}L{\'{o}}pez, F. and Rieck, B. and Borgwardt, K. M.},
  title     = {Wasserstein {Weisfeiler-Lehman} Graph Kernels},
  booktitle = {Advances in Neural Information Processing Systems},
  year      = {2019},
  pages     = {6436--6446},
}

@InProceedings{Rie+2019,
  author    = {Rieck, B. and Bock, C. and Borgwardt, K. M.},
  title     = {A Persistent {Weisfeiler-Lehman} Procedure for Graph Classification},
  booktitle = {International Conference on Machine Learning},
  year      = {2019},
  pages     = {5448--5458},
}

@InProceedings{Bar+2020,
  author    = {P. Barcel{\'{o}} and E. V. Kostylev and M. Monet and J. P{\'{e}}rez and J. L. Reutter and J. Pablo Silva},
  title     = {The Logical Expressiveness of Graph Neural Networks},
  booktitle = {International Conference on Learning Representations},
  year      = {2020},
}

@InProceedings{Ahm+2016,
  author    = {Ahmed, N. K. and Willke, T. and Rossi, R. A.},
  title     = {Estimation of Local Subgraph Counts},
  booktitle = {IEEE International Conference on Big Data},
  year      = {2016},
  pages     = {1--10},
  publisher = {IEEE},
}

@Article{Cor+2020,
  author  = {G. Corso and L. Cavalleri and D. Beaini and P. Li{\`{o}} and P. Velickovic},
  title   = {Principal Neighbourhood Aggregation for Graph Nets},
  journal = {CoRR},
  year    = {2020},
  volume  = {abs/2004.05718},
}

@InProceedings{Ver+2017,
  author    = {S. Verma and Z.{-}L. Zhang},
  title     = {Hunt For The Unique, Stable, Sparse And Fast Feature Learning On Graphs},
  booktitle = {Advances in Neural Information Processing Systems},
  year      = {2017},
  pages     = {88--98},
}

@Book{Eas+2010,
  title     = {Networks, Crowds, and Markets: Reasoning About a Highly Connected World},
  publisher = {Cambridge University Press},
  year      = {2010},
  author    = {Easley, D. and Kleinberg, J.},
}

@Article{Barabasi2004,
  author  = {Barabasi, A.-L. and Oltvai, Z. N.},
  title   = {Network biology: Understanding the cell’s functional organization.},
  journal = {Nature Reviews Genetics},
  year    = {2004},
  volume  = {5},
  number  = {2},
  pages   = {101-113},
}

@Article{Sto+2020,
  author  = {Stokes, J. and Yang, K. and Swanson, K. and Jin, W. and Cubillos-Ruiz, A. and Donghia, N. and MacNair, C. and French, S. and Carfrae, L. and Bloom-Ackerman, Z. and Tran, V. and Chiappino-Pepe, A. and Badran, A. and Andrews, I. and Chory, E. and Church, G. and Brown, E. and Jaakkola, T. and Barzilay, R. and Collins, J.},
  title   = {A Deep Learning Approach to Antibiotic Discovery},
  journal = {Cell},
  year    = {2020},
  volume  = {180},
  pages   = {688-702.e13},
  month   = {02},
}

@InProceedings{Sat+2019,
  author    = {R. Sato and M. Yamada and H. Kashima},
  title     = {Approximation Ratios of Graph Neural Networks for Combinatorial Problems},
  booktitle = {Neural Information Processing Systems},
  year      = {2019},
  pages     = {4083--4092},
}

@Article{Sat+2020,
  author  = {R. Sato and M. Yamada and H. Kashima},
  title   = {Random Features Strengthen Graph Neural Networks},
  journal = {CoRR},
  year    = {2020},
  volume  = {abs/2002.03155},
}

@InProceedings{Ker+2019,
  author    = {N. Keriven and G. Peyr{\'{e}}},
  title     = {Universal Invariant and Equivariant Graph Neural Networks},
  booktitle = {Advances in Neural Information Processing Systems 32},
  year      = {2019},
  pages     = {7090--7099},
}

@Article{Gro+2020,
  author  = {Grohe, M.},
  title   = {{Word2vec, Node2vec, Graph2vec, X2vec:} {T}owards a Theory of Vector Embeddings of Structured Data},
  journal = {CoRR},
  year    = {2020},
  volume  = {abs/2003.12590},
}

@InProceedings{Vin+2016,
  author    = {O. Vinyals and S. Bengio and M. Kudlur},
  title     = {Order Matters: Sequence to sequence for sets},
  booktitle = {International Conference on Learning Representations},
  year      = {2016}
}

@Article{Cha+2020,
  author  = {I. Chami and S. Abu{-}El{-}Haija and B. Perozzi and C. R{\'{e}} and K. Murphy},
  title   = {Machine Learning on Graphs: {A} Model and Comprehensive Taxonomy},
  journal = {CoRR},
  year    = {2020},
  volume  = {abs/2005.03675},
}

@Article{Gar+2020,
  author  = {V. K. Garg and S. Jegelka and T. S. Jaakkola},
  title   = {Generalization and Representational Limits of Graph Neural Networks},
  journal = {CoRR},
  year    = {2020},
  volume  = {abs/2002.06157},
}

@InProceedings{Hei+2019,
  author    = {Heimann, M. and Safavi, T. and Koutra, D.},
  title     = {Distribution of Node Embeddings as Multiresolution Features for Graphs},
  booktitle = {{IEEE} International Conference on Data Mining},
  year      = {2019},
  pages     = {289--298},
}

@InProceedings{Du+2019,
  author    = {Du, S. S. and Hou, K. and Salakhutdinov, R. R. and Poczos, B. and Wang, R. and Xu, K.},
  title     = {{Graph Neural Tangent Kernel:} {F}using Graph Neural Networks with Graph Kernels},
  booktitle = {Advances in Neural Information Processing Systems},
  year      = {2019},
  pages     = {5723--5733},
}

@Article{Ast+2013,
  author  = {Atserias, A. and Maneva, E. N.},
  title   = {Sherali-Adams Relaxations and Indistinguishability in Counting Logics},
  journal = {{SIAM} Journal on Computing},
  year    = {2013},
  volume  = {42},
  number  = {1},
  pages   = {112--137},
}

@InProceedings{Aio+2015,
  author    = {Aiolli, F. and Donini, M. and Navarin, N. and Sperduti, A.},
  title     = {Multiple Graph-Kernel Learning},
  booktitle = {IEEE Symposium Series on Computational Intelligence},
  year      = {2015},
  pages     = {1607--1614},
  publisher = {IEEE},
  keywords  = {kernel},
}

@InProceedings{Allamanis2018,
  author    = {Allamanis, M. and Brockschmidt, M. and Khademid, M.},
  title     = {Learning to Represent Programs with Graphs},
  booktitle = {International Conference on Learning Representation},
  year      = {2018},
  keywords  = {deep},
  owner     = {chris},
  timestamp = {2018.02.26},
}

@InProceedings{Del+2018,
  author    = {H. Dell and M. Grohe and G. Rattan},
  title     = {Lov{\'{a}}sz Meets {W}eisfeiler and {L}eman},
  booktitle = {International Colloquium on Automata, Languages, and Programming},
  year      = {2018},
  pages     = {40:1--40:14}
}

@Article{Ats+2019,
  author  = {A. Atserias and L Mancinska and D. E. Roberson and R. S{\'{a}}mal and S. Severini and A. Varvitsiotis},
  title   = {Quantum and non-signalling graph isomorphisms},
  journal = {Journal of Combinatorial Theory, Series B},
  year    = {2019},
  volume  = {136},
  pages   = {289--328},
}

@Article{Cha+11,
  author  = {Chang, C.-C. and Lin, C.-J.},
  title   = {{{LIBSVM}}: {A} library for support vector machines},
  journal = {ACM Transactions on Intelligent Systems and Technology},
  year    = {2011},
  volume  = {2},
  pages   = {27:1--27:27},
  issue   = {3},
}

@Article{Mck+2014,
  author  = {McKay, B. D. and Piperno, A.},
  title   = {Practical Graph Isomorphism, II},
  journal = {Journal of Symbolic Computation},
  year    = {2014},
  volume  = {60},
  pages   = {94--112},
}

@InProceedings{Pre+2009,
  author    = {L{\'o}pez-Presa, J. L. and Fern{\'a}ndez Anta, A.},
  title     = {Fast Algorithm for Graph Isomorphism Testing},
  booktitle = {Experimental Algorithms},
  year      = {2009},
  pages     = {221--232},
  publisher = {Springer},
}

@inproceedings{Xu+2018b,
author    = {K. Xu and
W. Hu and
J. Leskovec and
S. Jegelka},
title     = {How Powerful are Graph Neural Networks?},
booktitle = {International Conference on Learning Representations},
year      = {2019}
}

@Article{Fey+2019,
  author  = {Fey, M. and Lenssen, J. E.},
  title   = {Fast Graph Representation Learning with {PyTorch Geometric}},
  journal = {CoRR},
  year    = {2019},
  volume  = {abs/1903.02428},
}

@inproceedings{Aro+2019,
	author    = {S. Arora and
	S. S. Du and
	W. Hu and
	Z. Li and
	R. Salakhutdinov and
	R. Wang},
	title     = {On Exact Computation with an Infinitely Wide Neural Net},
	booktitle = {Advances in Neural Information Processing Systems},
	pages     = {8139--8148},
	year      = {2019}
}

@Article{Kir+1995,
  author  = {Kireev, D. B.},
  title   = {ChemNet: A Novel Neural Network Based Method for Graph/Property Mapping},
  journal = {Journal of Chemical Information and Computer Sciences},
  year    = {1995},
  volume  = {35},
  number  = {2},
  pages   = {175-180},
}

@Article{Spe+1997,
  author  = {A. Sperduti and A. Starita},
  title   = {Supervised neural networks for the classification of structures},
  journal = {IEEE Transactions on Neural Networks},
  year    = {1997},
  volume  = {8},
  number  = {2},
  pages   = {714--35},
}

@Article{Mor+2019b,
  author  = {Morris, C. and Mutzel, P.},
  title   = {Towards a practical $k$-dimensional {Weisfeiler-Leman} algorithm},
  journal = {CoRR},
  year    = {2019},
  volume  = {abs/1904.01543},
}

@Book{Bus+1965,
  title     = {Finite graphs and networks: an introduction with applications},
  publisher = {McGraw-Hill},
  year      = {1965},
  author    = {Busacker, R. G. and Saaty, T. L.},
}

@Book{Val2002,
  title     = {Algorithms on Trees and Graphs},
  publisher = {Springer},
  year      = {2002},
  author    = {Valiente, G.},
}

@InProceedings{bai2014graph,
  author    = {Bai, L. and Ren, P. and Bai, X. and Hancock, E. R.},
  title     = {A graph kernel from the depth-based representation},
  booktitle = {Joint IAPR International Workshops on Statistical Techniques in Pattern Recognition and Structural and Syntactic Pattern Recognition},
  year      = {2014},
  volume    = {8621},
  series    = {Lecture Notes in Computer Science},
  pages     = {1--11},
  publisher = {Springer},
}

@Article{Loosli2015,
  author  = {G. {Loosli} and S. {Canu} and C. S. {Ong}},
  title   = {Learning SVM in Kreĭn Spaces},
  journal = {IEEE Transactions on Pattern Analysis and Machine Intelligence},
  year    = {2016},
  volume  = {38},
  number  = {6},
  pages   = {1204-1216},
}

@InProceedings{Woznica2010,
  author    = {Woźnica, A. and Kalousis, A. and Hilario, M.},
  title     = {Adaptive Matching Based Kernels for Labelled Graphs},
  booktitle = {Advances in Knowledge Discovery and Data Mining},
  year      = {2010},
  volume    = {6119},
  series    = {Lecture Notes in Computer Science},
  pages     = {374-385},
  publisher = {Springer},
}

@Article{Ramon2001,
  author  = {Ramon, J. and Bruynooghe, M.},
  title   = {A polynomial time computable metric between point sets},
  journal = {Acta Informatica},
  year    = {2001},
  volume  = {37},
  number  = {10},
  pages   = {765--780},
  month   = {Jul},
}

@InCollection{Pachauri2013,
  author    = {Pachauri, D. and Kondor, R. and Singh, V.},
  title     = {Solving the multi-way matching problem by permutation synchronization},
  booktitle = {Advances in Neural Information Processing Systems},
  publisher = {NIPS},
  year      = {2013},
  pages     = {1860--1868},
}

@InProceedings{Schiavinato2015,
  author    = {Schiavinato, M. and Gasparetto, A. and Torsello, A.},
  title     = {Transitive Assignment Kernels for Structural Classification},
  booktitle = {Similarity-Based Pattern Recognition: Third International Workshop},
  year      = {2015},
  volume    = {9370},
  series    = {Lecture Notes in Computer Science},
  pages     = {146--159},
  publisher = {Springer},
}

@PhdThesis{And+2008,
  author = {Andoni, A.},
  title  = {Nearest Neighbor Search: {T}he Old, the New, and the Impossible},
  school = {MIT},
  year   = {2009},
  type   = {Ph.D.~thesis},
}

@InProceedings{Arv+2015,
  author    = {Arvind, V. and K{\"{o}}bler, J. and Rattan, G. and Verbitsky, O.},
  title     = {On the Power of Color Refinement},
  booktitle = {International Symposium on Fundamentals of Computation Theory},
  year      = {2015},
  pages     = {339--350}
}

@InProceedings{Gra+2006,
  author    = {Grauman, K. and Darrell, T.},
  title     = {Approximate Correspondences in High Dimensions},
  booktitle = {Advances in Neural Information Processing Systems},
  year      = {2007},
  pages     = {505--512},
  publisher = {NIPS},
}

@InCollection{Atw+2016,
  author    = {Atwood, J., and Towsley, D.},
  title     = {Diffusion-Convolutional Neural Networks},
  booktitle = {Advances in Neural Information Processing Systems},
  year      = {2016},
  pages     = {1993--2001},
  keywords  = {deep},
}

@InProceedings{Bab+2016,
  author    = {Babai, L.},
  title     = {Graph isomorphism in quasipolynomial time},
  booktitle = {{ACM} {SIGACT} Symposium on Theory of Computing},
  year      = {2016},
  pages     = {684--697},
}

@Article{Bab+1980,
  author  = {Babai, L. and Erd\H{o}s, P. and Selkow, S. M.},
  title   = {Random Graph Isomorphism},
  journal = {SIAM Journal on Computing},
  year    = {1980},
  volume  = {9},
  number  = {3},
  pages   = {628--635},
}

@InProceedings{Bab+1979,
  author    = {Babai, L. and Kucera, L.},
  title     = {Canonical Labelling of Graphs in Linear Average Time},
  booktitle = {Symposium on Foundations of Computer Science},
  year      = {1979},
  pages     = {39--46},
  publisher = {IEEE},
}

@InProceedings{Bac+2008,
  author    = {Bach, F. R.},
  title     = {Graph Kernels Between Point Clouds},
  booktitle = {International Conference on Machine Learning},
  year      = {2008},
  keywords  = {kernel},
}

@InProceedings{Bai+2015,
  author        = {L. Bai and L. Rossi and Z. Zhang and E. R. Hancock},
  title         = {An Aligned Subtree Kernel for Weighted Graphs},
  booktitle     = {International Conference on Machine Learning},
  year          = {2015},
  pages         = {30--39},
  publisher     = {PMLR},
  __markedentry = {[morris:6]},
  keywords      = {kernel},
}

@Article{Sha+2010,
  author  = {Benjamini, I. and Schramm, O. and Shapira, A.},
  title   = {Every Minor-Closed Property of Sparse Graphs is Testable},
  journal = {Advances in Mathematics},
  year    = {2010},
  volume  = {223},
  number  = {6},
  pages   = {2200--2218},
}

@InProceedings{Ber+2013,
  author    = {Berkholz, C. and Bonsma, P. S. and Grohe, M.},
  title     = {Tight Lower and Upper Bounds for the Complexity of Canonical Colour Refinement},
  booktitle = {Annual European Symposium on Algorithms},
  year      = {2013},
  pages     = {145--156},
  publisher = {Springer},
}

@Article{Boe+2017,
  author  = {Bökler, F. and Ehrgott, M. and Morris, C. and Mutzel, P.},
  title   = {Output-sensitive complexity of multiobjective combinatorial optimization},
  journal = {Journal of Multi-Criteria Decision Analysis},
  year    = {2017},
  volume  = {24},
  number  = {1-2},
  pages   = {25-36},
}

@Article{Bol+2006,
  author  = {Boldi, P. and Lonati, V. and Santini, M. and Vigna, S.},
  title   = {Graph fibrations, graph isomorphism, and PageRank},
  journal = {{ITA}},
  year    = {2006},
  volume  = {40},
  number  = {2},
  pages   = {227--253},
}

@PhdThesis{Bor+2007,
  author    = {Borgwardt, K. M.},
  title     = {Graph kernels},
  school    = {Ludwig Maximilians University Munich},
  year      = {2007},
  type      = {PhD~thesis},
  keywords  = {kernel},
  owner     = {morris},
  timestamp = {2017.12.19},
}

@InProceedings{Bor+2005,
  author        = {Borgwardt, K. M. and Kriegel, H.-P.},
  title         = {Shortest-path kernels on graphs},
  booktitle     = {IEEE International Conference on Data Mining},
  year          = {2005},
  pages         = {74--81},
  __markedentry = {[morris:6]},
  keywords      = {kernel},
}

@Article{Bor+2005a,
  author        = {K. M. Borgwardt and C. S. Ong and S. Sch\"onauer and S. V. N. Vishwanathan and A. J. Smola and H.-P. Kriegel},
  title         = {Protein function prediction via graph kernels.},
  journal       = {Bioinformatics},
  year          = {2005},
  volume        = {21},
  number        = {Supplement 1},
  pages         = {i47--i56},
  __markedentry = {[morris:6]},
  keywords      = {kernel},
}

@InProceedings{Bos+2016,
  author    = {Boscaini, D. and Masci, J. and Rodol{\`{a}}, E. and Bronstein M.},
  title     = {Learning Shape Correspondence with Anisotropic Convolutional Neural Networks},
  booktitle = {Advances in Neural Information Processing Systems},
  year      = {2016},
  pages     = {3189--3197},
  keywords  = {deep},
}

@InProceedings{Bre+2017,
  author    = {Bressan, M. and Chierichetti, F. and Kumar, R. and Leucci, S. and Panconesi, A.},
  title     = {Counting Graphlets: Space vs Time},
  booktitle = {ACM International Conference on Web Search and Data Mining},
  year      = {2017},
  pages     = {557--566},
  publisher = {ACM},
}

@InProceedings{Bron+2017,
  author    = {Bronstein, M. M. and Bruna, J. and LeCun, Y. and Szlam, A. and Vandergheynst, P.},
  title     = {Geometric Deep Learning: Going beyond Euclidean data},
  booktitle = {{IEEE} Signal Processing Magazine},
  year      = {2017},
  pages     = {18--42},
  keywords  = {deep},
}

@InProceedings{Bru+2014,
  author    = {Bruna, J. and Zaremba, W. and Szlam, A. and LeCun, Y.},
  title     = {Spectral Networks and Deep Locally Connected Networks on Graphs},
  booktitle = {International Conference on Learning Representation},
  year      = {2014},
  keywords  = {deep},
}

@Article{Cai+1992,
  author    = {J. Cai and M. F{\"{u}}rer and N. Immerman},
  title     = {An optimal lower bound on the number of variables for graph identifications},
  journal   = {Combinatorica},
  year      = {1992},
  volume    = {12},
  number    = {4},
  pages     = {389--410},
  publisher = {Springer},
}

@Article{Cha+2008,
  author  = {Chang, K.-W. and Hsieh, C.-J. and Lin, C.-J.},
  title   = {Coordinate Descent Method for Large-scale L2-loss Linear Support Vector Machines},
  journal = {Journal of Machine Learning Research},
  year    = {2008},
  volume  = {9},
  pages   = {1369--1398},
}

@InProceedings{Che+2018,
  author    = {Chen, J. and Ma, T. and Xiao, C.},
  title     = {FastGCN: Fast Learning with Graph Convolutional Networks via Importance Sampling},
  booktitle = {International Conference on Learning Representation},
  year      = {2018},
  keywords  = {deep},
  owner     = {chris},
  timestamp = {2018.02.26},
}

@Article{Che+2016,
  author  = {Chen, X. and Li, Y. and Wang, P. and Lui, J. C. S.},
  title   = {A General Framework for Estimating Graphlet Statistics via Random Walk},
  journal = {VLDB Endowment},
  year    = {2016},
  volume  = {10},
  number  = {3},
  pages   = {253--264},
  month   = {11},
}

@InProceedings{Chi+2016,
  author    = {Chiang, W.-L. and Lee, M.-C. and Lin, C.-J.},
  title     = {Parallel Dual Coordinate Descent Method for Large-scale Linear Classification in Multi-core Environments},
  booktitle = {ACM SIGKDD International Conference on Knowledge Discovery and Data Mining},
  year      = {2016},
  pages     = {1485--1494},
}

@InProceedings{Cos+2010,
  author    = {Costa, F. and De Grave, K.},
  title     = {Fast Neighborhood Subgraph Pairwise Distance Kernel},
  booktitle = {International Conference on Machine Learning},
  year      = {2010},
  pages     = {255--262},
  publisher = {Omnipress},
}

@InProceedings{Mar+2012,
  author    = {Da San Martino, G. and Navarin, N. and Sperduti, A.},
  title     = {A Tree-Based Kernel for Graphs},
  booktitle = {SIAM International Conference on Data Mining},
  year      = {2012},
  pages     = {975--986},
  publisher = {SIAM},
  keywords  = {kernel},
}

@InProceedings{Mar+2012a,
  author    = {Da San Martino, G. and Navarin, N. and Sperduti, A.},
  title     = {A memory efficient graph kernel},
  booktitle = {International Joint Conference on Neural Networks},
  year      = {2012},
  pages     = {1--7},
  publisher = {IEEE},
  keywords  = {kernel},
}

@InProceedings{Dai+2016,
  author    = {Dai, H. and Dai, B. and Song, L.},
  title     = {Discriminative Embeddings of Latent Variable Models for Structured Data},
  booktitle = {International Conference on Machine Learning},
  year      = {2016},
  pages     = {2702--2711},
  keywords  = {deep},
}

@InProceedings{Dai+2018,
  author    = {Dai, H. and Li, H. and Tian, T. and Huang, X. and Wang, L. and Zhu, J. and Song, L.},
  title     = {Adversarial Attack on Graph Structured Data},
  booktitle = {International Conference on Machine Learning},
  year      = {2018},
  pages     = {1115--1124},
}

@InProceedings{Dat+2004,
  author    = {Datar, M. and Immorlica, N. and Indyk, P. and Mirrokni, V. S.},
  title     = {Locality-sensitive hashing scheme based on $p$-stable distributions},
  booktitle = {ACM Symposium on Computational Geometry},
  year      = {2004},
  pages     = {253--262},
  publisher = {ACM},
}

@Article{Deb+1991,
  author  = {Debnath, A. K. and Lopez de Compadre, R. L. and Debnath, G. and Shusterman, A. J. and Hansch, C.},
  title   = {Structure-activity relationship of mutagenic aromatic and heteroaromatic nitro compounds. Correlation with molecular orbital energies and hydrophobicity},
  journal = {Journal of Medicinal Chemistry},
  year    = {1991},
  volume  = {34},
  number  = {2},
  pages   = {786--797},
}

@InProceedings{Def+2015,
  author    = {Defferrard, M. and Bresson X. and Vandergheynst, P.},
  title     = {Convolutional Neural Networks on Graphs with Fast Localized Spectral Filtering},
  booktitle = {Advances in Neural Information Processing Systems},
  year      = {2016},
  pages     = {3844--3852},
  keywords  = {deep},
}

@InProceedings{Det+2018,
  author    = {Dettmers, T. and Minervini, P. and Stenetorp, P. and Riedel S.},
  title     = {Convolutional 2D Knowledge Graph Embeddings},
  booktitle = {AAAI Conference on Artificial Intelligence},
  year      = {2018},
  keywords  = {deep},
  owner     = {chris},
  timestamp = {2018.01.26},
}

@Article{Dob+2003,
  author  = {Dobson, P. D and Doig, A. J.},
  title   = {Distinguishing Enzyme Structures from Non-enzymes Without Alignments},
  journal = {Journal of Molecular Biology},
  year    = {2003},
  volume  = {330},
  number  = {4},
  pages   = {771 -- 783},
}

@InProceedings{Duv+2015,
  author    = {Duvenaud, D. K. and Maclaurin, D. and Iparraguirre, J. and Bombarell, R. and Hirzel, T. and Aspuru-Guzik, A. and Adams, R. P.},
  title     = {Convolutional Networks on Graphs for Learning Molecular Fingerprints},
  booktitle = {Advances in Neural Information Processing Systems},
  year      = {2015},
  pages     = {2224--2232},
}

@Article{Fan+2008,
  author  = {Fan, R.-E. and Chang, K.-W. and Hsieh, C.-J. and Wang, X.-R. and Lin, C.-J.},
  title   = {{LIBLINEAR}: {A} Library for Large Linear Classification},
  journal = {Journal of Machine Learning Research},
  year    = {2008},
  volume  = {9},
  pages   = {1871--1874},
}

@InProceedings{Fer+2013,
  author    = {Feragen, A. and Kasenburg, N. and Petersen, J. and Bruijne, M. D. and Borgwardt K. M.},
  title     = {Scalable kernels for graphs with continuous attributes},
  booktitle = {Advances in Neural Information Processing Systems},
  year      = {2013},
  pages     = {216--224},
  note      = {Erratum available at \url{http://image.diku.dk/aasa/papers/graphkernels_nips_erratum.pdf}},
}

@InProceedings{Fey+2018,
  author    = {Fey, M. and Lenssen, J. E. and Weichert, F. and M{\"u}ller, H.},
  title     = {{SplineCNN}: Fast Geometric Deep Learning with Continuous {B}-Spline Kernels},
  booktitle = {IEEE Conference on Computer Vision and Pattern Recognition},
  year      = {2018},
  pages     = {869-877}
}

@InProceedings{Fou+2017,
  author    = {Fout, A. and Byrd, J. and Shariat, B. and Ben-Hur, A.},
  title     = {Protein Interface Prediction using Graph Convolutional Networks},
  booktitle = {Advances in Neural Information Processing Systems},
  year      = {2017},
  pages     = {6533--6542},
  keywords  = {deep},
}

@InProceedings{Fro+2005,
  author    = {Fr\"{o}hlich, H. and Wegner, J. K. and Sieker, F. and Zell, A.},
  title     = {Optimal assignment kernels for attributed molecular graphs},
  booktitle = {International Conference on Machine Learning},
  year      = {2005},
  pages     = {225--232}
}

@Article{Gae+2003.,
  author   = {G\"{a}rtner, T.},
  title    = {A Survey of Kernels for Structured Data},
  journal  = {ACM SIGKDD Exploration Newsletters},
  year     = {2003},
  volume   = {5},
  number   = {1},
  pages    = {49--58},
  keywords = {kernel},
}

@InCollection{Gae+2003,
  author    = {G\"{a}rtner, T. and Flach, P. and Wrobel, S.},
  title     = {On Graph Kernels: Hardness Results and Efficient Alternatives},
  booktitle = {Learning Theory and Kernel Machines},
  year      = {2003},
  pages     = {129--143},
  keywords  = {kernel},
}

@InProceedings{Gao+2018,
  author    = {Gao, Hongyang and Wang, Zhengyang and Ji, Shuiwang},
  title     = {Large-Scale Learnable Graph Convolutional Networks},
  booktitle = {ACM SIGKDD International Conference on Knowledge Discovery and Data Mining},
  year      = {2018},
  pages     = {1416--1424},
}

@InProceedings{Gar+2018,
  author    = {Garcia, V. and Bruna, J.},
  title     = {Few-Shot Learning with Graph Neural Networks},
  booktitle = {International Conference on Learning Representation},
  year      = {2018},
  keywords  = {deep},
  owner     = {chris},
  timestamp = {2018.02.26},
}

@InProceedings{Gar+2017,
  author    = {García{-}Dur{\'{a}}n, A. and Niepert, M.},
  title     = {Learning Graph Representations with Embedding Propagation},
  booktitle = {Advances in Neural Information Processing Systems},
  year      = {2017},
  pages     = {5125--5136},
  keywords  = {deeplearning},
}

@PhdThesis{Gae2005,
  author      = {Gärtner, T.},
  title       = {Kernels for Structured Data},
  year        = {2005},
  institution = {University of Bonn},
}

@Article{Gho+2018,
  author   = {Ghosh, S. and Das, N. and Gonçalves, T. and Quaresma, P. and Kundu, M.},
  title    = {The journey of graph kernels through two decades},
  journal  = {Computer Science Review},
  year     = {2018},
  volume   = {27},
  pages    = {88 -- 111},
  keywords = {kernel},
}

@InProceedings{Gil+2017,
  author    = {Gilmer, J. and Schoenholz, S. S. and Riley, P. F. and Vinyals, O. and Dahl, G. E.},
  title     = {Neural Message Passing for Quantum Chemistry},
  booktitle = {International Conference on Machine Learning},
  year      = {2017},
  keywords  = {deep},
}

@InProceedings{Gio+1999,
  author    = {Gionis, A. and Indyk, P. and Motwani, R.},
  title     = {Similarity search in high dimensions via hashing},
  booktitle = {International Conference on Very Large Data Bases},
  year      = {1999},
  pages     = {518--529},
}

@InCollection{Gol2010,
  author    = {Goldreich, O.},
  title     = {Introduction to testing graph properties},
  booktitle = {Property Testing},
  year      = {2010},
  volume    = {6390},
  series    = {Lecture Notes in Computer Science},
}

@Article{Gol+2002,
  author  = {Goldreich, O. and Ron, D.},
  title   = {Property Testing in Bounded Degree Graphs},
  journal = {Algorithmica},
  year    = {2002},
  volume  = {32},
  pages   = {302--343},
}

@Book{Goo+2016,
  title     = {Deep Learning},
  publisher = {MIT Press},
  year      = {2016},
  author    = {Goodfellow, I. and Bengio, Y. and Courville, A.},
}

@InProceedings{Zho+2006,
  author    = {D. Zhou and J. Huang and B. Sch{\"{o}}lkopf},
  title     = {Learning with Hypergraphs: Clustering, Classification, and Embedding},
  booktitle = {Advances in Neural Information Processing Systems},
  year      = {2006},
  pages     = {1601--1608},
}

@InProceedings{Mar+2019a,
  author    = {H. Maron and E. Fetaya and N. Segol and Y. Lipman},
  title     = {On the Universality of Invariant Networks},
  booktitle = {International Conference on Machine Learning},
  year      = {2019},
  volume    = {97},
  pages     = {4363--4371},
  publisher = {{PMLR}},
}

@Article{Zho+2018,
  author  = {Zhou, J. and Cui, G. and Zhang, Z. and Yang, C. and Liu, Z. and Wang, L. and Li, C. and Sun, M.},
  title   = {Graph neural networks: A review of methods and applications},
  journal = {CoRR},
  year    = {2018},
  volume  = {abs/1812.08434},
}

@Article{Sat+2020a,
  author  = {R. Sato},
  title   = {A Survey on The Expressive Power of Graph Neural Networks},
  journal = {CoRR},
  year    = {2020},
  volume  = {abs/2003.04078},
}

@InProceedings{Ver+2019,
  author    = {S. Verma and Z.{-}L. Zhang},
  title     = {Stability and Generalization of Graph Convolutional Neural Networks},
  booktitle = {{ACM} {SIGKDD} International Conference on Knowledge Discovery {\&} Data Mining},
  year      = {2019},
  pages     = {1539--1548}
}

@InProceedings{Jac+2020,
  author    = {A. Jacot and C. Hongler and F. Gabriel},
  title     = {{Neural Tangent kernel:} Convergence and generalization in neural networks},
  booktitle = {Advances in Neural Information Processing Systems},
  year      = {2018},
  pages     = {8580--8589},
}

@Article{Che+2020a,
  author  = {Z. Chen and L. Chen and S. Villar and J. Bruna},
  title   = {Can graph neural networks count substructures?},
  journal = {CoRR},
  year    = {2020},
  volume  = {abs/2002.04025},
}

@InProceedings{Lee+2019,
  author    = {J. B. Lee and R. A. Rossi and X. Kong and S. Kim and E. Koh and A. Rao},
  title     = {Graph Convolutional Networks with Motif-based Attention},
  booktitle = {28th {ACM} International Conference on Information},
  year      = {2019},
  pages     = {499--508},
}

@InProceedings{Kli+2020,
  author    = {J. Klicpera and J. Gro{\ss} and S. G{\"{u}}nnemann},
  title     = {Directional Message Passing for Molecular Graphs},
  booktitle = {International Conference on Learning Representations},
  year      = {2020},
}

@InProceedings{You+2019,
  author    = {J. You and R. Ying and J. Leskovec},
  title     = {Position-aware Graph Neural Networks},
  booktitle = {International Conference on Machine Learning},
  year      = {2019},
  pages     = {7134--7143}
}

@InProceedings{Cao+2015,
  author    = {S. Cao and W. Lu and Q. Xu},
  title     = {{GraRep:} {L}earning Graph Representations with Global Structural Information},
  booktitle = {{ACM} International Conference on Information and Knowledge Management},
  year      = {2015},
  pages     = {891--900}
}

@InProceedings{And+2019,
  author    = {B. M. Anderson and T.{-}S. Hy and R. Kondor},
  title     = {Cormorant: Covariant Molecular Neural Networks},
  booktitle = {Advances in Neural Information Processing Systems 32},
  year      = {2019},
  pages     = {14510--14519},
}

@Article{Fla+2020,
  author  = {D. Flam{-}Shepherd and T. Wu and P. Friederich and A. Aspuru{-}Guzik},
  title   = {Neural Message Passing on High Order Paths},
  journal = {CoRR},
  year    = {2020},
  volume  = {abs/2002.10413},
}

@Article{Wu+2019,
  author  = {Wu, Z. and Pan, S. and Chen, F. and Long, G. and Zhang, C. and Yu, P. S.},
  title   = {A comprehensive survey on graph neural networks},
  journal = {CoRR},
  year    = {2019},
  volume  = {abs/1901.00596},
}

@Article{Jin+2020,
  author  = {Y. Jin and G. Song and C. Shi},
  title   = {{GraLSP:} {G}raph Neural Networks with Local Structural Patterns},
  journal = {CoRR},
  year    = {2019},
  volume  = {abs/1911.07675},
}

@InProceedings{Che+2019,
  author    = {Z. Chen and S. Villar and L. Chen and J. Bruna},
  title     = {On the equivalence between graph isomorphism testing and function approximation with {GNN}s},
  booktitle = {Advances in Neural Information Processing Systems},
  year      = {2019},
  pages     = {15868--15876},
}

@Article{Gro+2020a,
  author  = {M. Grohe and P. Schweitzer and D, Wiebking},
  title   = {Deep {Weisfeiler Leman}},
  journal = {CoRR},
  year    = {2020},
  volume  = {abs/2003.10935},
}

@InProceedings{Mar+2019b,
  author    = {H. Maron and H. Ben{-}Hamu and N. Shamir and Y. Lipman},
  title     = {Invariant and Equivariant Graph Networks},
  booktitle = {International Conference on Learning Representations},
  year      = {2019},
}

@Book{Gro2017,
  title     = {Descriptive Complexity, Canonisation, and Definable Graph Structure Theory},
  publisher = {Cambridge University Press},
  year      = {2017},
  author    = {Grohe, M.},
  series    = {Lecture Notes in Logic},
}

@InProceedings{Gro+2014,
  author    = {Grohe, M. and Kersting, K. and Mladenov, M. and Selman, E.},
  title     = {Dimension Reduction via Colour Refinement},
  booktitle = {European Symposium on Algorithms},
  year      = {2014},
  pages     = {505--516},
}

@Article{GroheO15,
  author    = {Grohe, M. and Otto, M.},
  title     = {Pebble Games and linear equations},
  journal   = {Journal of Symbolic Logic},
  year      = {2015},
  volume    = {80},
  number    = {3},
  pages     = {797--844},
}

v@Article{Schomburg2004,
	title                    = {BRENDA, the enzyme database: updates and major new developments},
	author                   = {I Schomburg and A. Chang and C. Ebeling and M. Gremse and C. Heldt and G. Huhn and D. Schomburg},
	journal                  = {Nucleic Acids Research},
	year                     = {2004},
	number                   = {Database-Issue},
	pages                    = {431--433},
	volume                   = {32}
}

@InProceedings{Riesen2008,
	title                    = {IAM Graph Database Repository for Graph Based Pattern Recognition and Machine Learning},
	author                   = {Riesen, K. and Bunke, H.},
	booktitle                = {Structural, Syntactic, and Statistical Pattern Recognition: Joint IAPR International Workshop},
	year                     = {2008},
	pages                    = {287--297}
}

@InProceedings{Kriege2018,
	title                    = {Recognizing Cuneiform Signs Using Graph Based Methods},
	author                   = {Kriege, N. M. and Fey, M. and Fisseler, D. and Mutzel, P. and Weichert, F.},
	booktitle                = {The International Workshop on Cost-Sensitive Learning},
	year                     = {2018}
}


@Article{Che+2020,
  author  = {G. Chen and P. Chen and C.{-}Y. Hsieh and C.{-}K. Lee and B. Liao and R. Liao and W. Liu and J. Qiu and Q. Sun and J. Tang and R. S. Zemel and S. Zhang},
  title   = {Alchemy: {A} Quantum Chemistry Dataset for Benchmarking {AI} Models},
  journal = {CoRR},
  year    = {2019},
  volume  = {abs/1906.09427}
}

@Article{Dwi+2020,
  author  = {V. P. Dwivedi and C. K. Joshi and T. Laurent and Y. Bengio and X. Bresson},
  title   = {Benchmarking Graph Neural Networks},
  journal = {CoRR},
  year    = {2020},
  volume  = {abs/2003.00982},
}

@Other{Guy+2003,
  author  = {Guyon, I.},
  title   = {{Design of experiments for the NIPS 2003 variable selection benchmark}},
  year    = {2003},
  url     = {http://clopinet.com/isabelle/Projects/NIPS2003/Slides/NIPS2003-Datasets.pdf},
  urldate = {2016-09-29},
}

@InProceedings{Ham+2017,
  author    = {Hamilton, W. L. and Ying, R. and Leskovec, J.},
  title     = {Inductive Representation Learning on Large Graphs},
  booktitle = {Advances in Neural Information Processing Systems},
  year      = {2017},
  pages     = {1025--1035},
  keywords  = {deep},
}

@Article{Ham+2017a,
  author   = {Hamilton, W. L. and Ying, R. and Leskovec, J.},
  title    = {Representation Learning on Graphs: Methods and Applications},
  journal  = {{IEEE} Data Engineering Bulletin},
  year     = {2017},
  volume   = {40},
  number   = {3},
  pages    = {52--74},
  keywords = {deep},
}

@InProceedings{Har+2007,
  author        = {Z. Harchaoui and F. Bach},
  title         = {Image Classification with Segmentation Graph Kernels},
  booktitle     = {IEEE Conference on Computer Vision and Pattern Recognition},
  year          = {2007},
  pages         = {1--8},
  __markedentry = {[morris:6]},
  keywords      = {kernel},
}

@TechReport{Hau1999,
  author      = {Haussler, D.},
  title       = {Convolution Kernels on Discrete Structures},
  institution = {University of California at Santa Cruz},
  year        = {1999},
  number      = {UCS-CRL-99-10},
}

@InProceedings{Her+2015,
  author    = {Hermansson, L. and Johansson, F. D. and Watanabe, O.},
  title     = {Generalized Shortest Path Kernel on Graphs},
  booktitle = {International Conference on Discovery Science},
  year      = {2015},
  volume    = {9356},
  series    = {Lecture Notes in Computer Science},
  pages     = {78--85},
  publisher = {Springer},
  keywords  = {kernel},
}

@Article{Adamson1973,
  author  = {G. W. Adamson and J. A. Bush},
  title   = {A method for the automatic classification of chemical structures},
  journal = {Information Storage and Retrieval},
  year    = {1973},
  volume  = {9},
  number  = {10},
  pages   = {561 - 568},
}

@Article{Willett1986,
  author  = {Willett, P. and Winterman, V.},
  title   = {A Comparison of Some Measures for the Determination of Inter-Molecular Structural Similarity Measures of Inter-Molecular Structural Similarity},
  journal = {Quantitative Structure-Activity Relationships},
  year    = {1986},
  volume  = {5},
  number  = {1},
  pages   = {18--25},
}

@Article{Ralaivola2005,
  author  = {Ralaivola, L. and Swamidass, S. J. and Saigo, H. and Baldi, P.},
  title   = {Graph kernels for chemical informatics},
  journal = {Neural Networks},
  year    = {2005},
  volume  = {18},
  number  = {8},
  pages   = {1093 - 1110},
}

@Article{Rogers2010,
  author  = {Rogers, D. and Hahn, M.},
  title   = {Extended-connectivity fingerprints},
  journal = {Journal of Chemical Information and Modeling},
  year    = {2010},
  volume  = {50},
  number  = {5},
  pages   = {742--754},
  month   = {May},
}

@InProceedings{Hid+2009,
  author        = {S. Hido and H. Kashima},
  title         = {A Linear-Time Graph Kernel},
  booktitle     = {IEEE International Conference on Data Mining},
  year          = {2009},
  pages         = {179--188},
  publisher     = {IEEE},
  __markedentry = {[morris:6]},
  keywords      = {kernel},
}

@Article{grauman2007pyramid,
  author  = {Grauman, K. and Darrell, T.},
  title   = {The pyramid match kernel: Efficient learning with sets of features},
  journal = {Journal of Machine Learning Research},
  year    = {2007},
  volume  = {8},
  number  = {Apr},
  pages   = {725--760},
}

@Article{dwork2014algorithmic,
  author  = {Dwork, C. and Roth, A.},
  title   = {The algorithmic foundations of differential privacy},
  journal = {Foundations and Trends in Theoretical Computer Science},
  year    = {2014},
  volume  = {9},
  number  = {3--4},
  pages   = {211--407},
}

@InProceedings{Zha+2018b,
  author    = {Zhang, Z. and Wang, M. and Xiang, Y. and Huang, Y. and Nehorai, A.},
  title     = {RetGK: Graph Kernels based on Return Probabilities of Random Walks},
  booktitle = {Advances in Neural Information Processing Systems},
  year      = {2018},
  pages     = {3964--3974},
  publisher = {NIPS},
}



@InProceedings{johansson2015classifying,
  author    = {Johansson, F. D. and Frost, O. and Retzner, C. and Dubhashi, D.},
  title     = {Classifying large graphs with differential privacy},
  booktitle = {Modeling Decisions for Artificial Intelligence},
  year      = {2015},
  volume    = {9321},
  series    = {Lecture Notes in Computer Science},
  pages     = {3--17},
  publisher = {Springer},
}

@article{Kri+2019,
	author    = {N. M. Kriege and
	F. D. Johansson and
	C. Morris},
	title     = {A survey on graph kernels},
	journal   = {Applied Network Science},
	volume    = {5},
	number    = {1},
	pages     = {6},
	year      = {2020}
}

@Article{Hoe1963,
  author  = {Hoeffding, W.},
  title   = {Probability Inequalities for Sums of Bounded Random Variables},
  journal = {Journal of the American Statistical Association},
  year    = {1963},
  volume  = {58},
  number  = {301},
  pages   = {13--30},
}

@InProceedings{Hor+2004,
  author        = {Horv\'{a}th, T. and G\"{a}rtner, T. and Wrobel, S.},
  title         = {Cyclic pattern kernels for predictive graph mining},
  booktitle     = {ACM SIGKDD International Conference on Knowledge Discovery and Data Mining},
  year          = {2004},
  pages         = {158--167},
  publisher     = {ACM},
  __markedentry = {[morris:6]},
  keywords      = {kernel},
}

@InProceedings{Horvath2004,
  author    = {Horv\'{a}th, T. and G\"{a}rtner, T. and Wrobel, S.},
  title     = {Cyclic pattern kernels for predictive graph mining},
  booktitle = {ACM SIGKDD International Conference on Knowledge Discovery and Data Mining},
  year      = {2004},
  pages     = {158--167},
}

@InBook{Imm+1990,
  pages     = {59--81},
  title     = {Describing Graphs: {A} First-Order Approach to Graph Canonization},
  publisher = {Springer},
  year      = {1990},
  author    = {Immerman, N. and Lander, E.},
  booktitle = {Complexity Theory Retrospective: {I}n Honor of Juris Hartmanis on the Occasion of His Sixtieth Birthday, July 5, 1988},
}

@InProceedings{Mar+2019,
author    = {H. Maron and
H. Ben{-}Hamu and
H. Serviansky and
Y. Lipman},
title     = {Provably Powerful Graph Networks},
booktitle = {Advances in Neural Information Processing Systems},
pages     = {2153--2164},
year      = {2019}
}

@InProceedings{Ind+1998,
  author    = {Indyk, P. and Motwani, R.},
  title     = {Approximate Nearest Neighbors: {T}owards Removing the Curse of Dimensionality},
  booktitle = {ACM Symposium on Theory of Computing},
  year      = {1998},
  pages     = {604--613},
  publisher = {{ACM}},
}

@InProceedings{Indyk1998,
  author    = {Indyk, P. and Motwani, R.},
  title     = {Approximate Nearest Neighbors: Towards Removing the Curse of Dimensionality},
  booktitle = {ACM Symposium on Theory of Computing},
  year      = {1998},
  pages     = {604--613},
  publisher = {ACM},
}

@InProceedings{Iva+2018,
  author    = {Ivanov, S. and Burnaev, E.},
  title     = {Anonymous Walk Embeddings},
  booktitle = {International Conference on Machine Learning},
  year      = {2018},
  pages     = {2186--2195},
}

@InProceedings{Jain+2016,
  author    = {Jain, A. and Zamir, A. R. and Savarese, S. and Saxena, A.},
  title     = {Structural-{RNN}: Deep Learning on Spatio-Temporal Graphs},
  booktitle = {IEEE Conference on Computer Vision and Pattern Recognition},
  year      = {2016},
  pages     = {5308--5317},
  keywords  = {deep},
}

@InProceedings{Jin+2018,
  author    = {Jin, W. and Coley, C. W. and Barzilay, R. and Jaakkola, T. S.},
  title     = {Predicting Organic Reaction Outcomes with {W}eisfeiler-{L}ehman Network},
  booktitle = {Advances in Neural Information Processing Systems},
  year      = {2017},
  pages     = {2604--2613},
  keywords  = {deep},
}

@InProceedings{Joa+2006,
  author    = {Joachims, T.},
  title     = {Training Linear {{SVMs}} in Linear Time},
  booktitle = {ACM SIGKDD International Conference on Knowledge Discovery and Data Mining},
  year      = {2006},
  pages     = {217--226},
  publisher = {ACM},
}

@InProceedings{Joachims2006,
  author    = {Joachims, T.},
  title     = {Training Linear {{SVMs}} in Linear Time},
  booktitle = {ACM SIGKDD International Conference on Knowledge Discovery and Data Mining},
  year      = {2006},
  pages     = {217--226},
}

@InProceedings{Joh+2015,
  author        = {Johansson, F. D. and Dubhashi, D.},
  title         = {Learning with Similarity Functions on Graphs Using Matchings of Geometric Embeddings},
  booktitle     = {ACM SIGKDD International Conference on Knowledge Discovery and Data Mining},
  year          = {2015},
  pages         = {467--476},
  __markedentry = {[morris:6]},
  keywords      = {kernel},
}

@InProceedings{Johansson2015,
  author    = {Johansson, F. D. and Dubhashi, D.},
  title     = {Learning with Similarity Functions on Graphs Using Matchings of Geometric Embeddings},
  booktitle = {ACM SIGKDD International Conference on Knowledge Discovery and Data Mining},
  year      = {2015},
  pages     = {467--476},
}

@InProceedings{Joh+2014,
  author        = {Johansson, F. D. and Jethava, V. and Dubhashi, D. P. and Bhattacharyya, C.},
  title         = {Global graph kernels using geometric embeddings},
  booktitle     = {International Conference on Machine Learning},
  year          = {2014},
  pages         = {694--702},
  publisher     = {PMLR},
  __markedentry = {[morris:6]},
  keywords      = {kernel},
}

@InProceedings{Johansson2014,
  author    = {Johansson, F. D. and Jethava, V. and Dubhashi, D. P. and Bhattacharyya, C.},
  title     = {Global graph kernels using geometric embeddings},
  booktitle = {International Conference on Machine Learning},
  year      = {2014},
  pages     = {694--702},
  publisher = {PMLR},
}

@InProceedings{Kan+2012,
  author        = {U. Kang and H. Tong and J. Sun},
  title         = {Fast Random Walk Graph Kernel},
  booktitle     = {SIAM International Conference on Data Mining},
  year          = {2012},
  pages         = {828--838},
  __markedentry = {[morris:6]},
  keywords      = {kernel},
}

@InProceedings{Kang2012,
  author    = {U. Kang and H. Tong and J. Sun},
  title     = {Fast Random Walk Graph Kernel},
  booktitle = {SIAM International Conference on Data Mining},
  year      = {2012},
  pages     = {828--838},
}

@InProceedings{Kas+2003,
  author        = {H. Kashima and K. Tsuda and A. Inokuchi},
  title         = {Marginalized Kernels Between Labeled Graphs},
  booktitle     = {International Conference on Machine Learning},
  year          = {2003},
  pages         = {321--328},
  __markedentry = {[morris:6]},
  keywords      = {kernel},
}

@InProceedings{Kashima2003,
  author    = {H. Kashima and K. Tsuda and A. Inokuchi},
  title     = {Marginalized Kernels Between Labeled Graphs},
  booktitle = {International Conference on Machine Learning},
  year      = {2003},
  pages     = {321--328},
}

@Article{Kaz+2005,
  author        = {J. Kazius and R. Mc{G}uire and R. Bursi},
  title         = {Derivation and validation of toxicophores for mutagenicity prediction},
  journal       = {Journal Medicinal Chemistry},
  year          = {2005},
  volume        = {48},
  number        = {13},
  pages         = {312--320},
  __markedentry = {[morris:6]},
  keywords      = {kernel},
}

@Article{Kazius2005,
  author  = {J. Kazius and R. Mc{G}uire and R. Bursi},
  title   = {Derivation and validation of toxicophores for mutagenicity prediction},
  journal = {Journal Medicinal Chemistry},
  year    = {2005},
  volume  = {48},
  number  = {13},
  pages   = {312--320},
}

@Article{Kea+2016,
  author   = {Kearnes, S. and McCloskey, K. and Berndl, M. and Pande, V. and Riley, P.},
  title    = {Molecular graph convolutions: moving beyond fingerprints},
  journal  = {Journal of Computer-Aided Molecular Design},
  year     = {2016},
  volume   = {30},
  number   = {8},
  pages    = {595--608},
  keywords = {deep},
}

@Misc{KKMMN2016,
  author   = {Kersting, K. and Kriege, N. M. and Morris, C. and Mutzel, P. and Neumann, M.},
  title    = {Benchmark Data Sets for Graph Kernels},
  year     = {2016},
  keywords = {kernel},
  url      = {http://graphkernels.cs.tu-dortmund.de},
}

@InProceedings{Ker+2014,
  author    = {Kersting, K. and Mladenov, M. and Garnett, R. and Grohe, M.},
  title     = {Power iterated color refinement},
  booktitle = {AAAI Conference on Artificial Intelligence},
  year      = {2014},
  pages     = {1904--1910},
  publisher = {AAAI},
}

@InProceedings{Kie+2016,
  author    = {Kiefer, S. and Schweitzer, P.},
  title     = {Upper Bounds on the Quantifier Depth for Graph Differentiation in First Order Logic},
  booktitle = {{ACM/IEEE} Symposium on Logic in Computer Science},
  year      = {2016},
  pages     = {287--296},
}

@InProceedings{Kie+2015,
  author    = {Kiefer, S. and Schweitzer, P. and Selman, E.},
  title     = {Graphs Identified by Logics with Counting},
  booktitle = {International Symposium on Mathematical Foundations of Computer Science},
  year      = {2015},
  pages     = {319--330},
}

@InProceedings{Kip+2017,
  author    = {Kipf, T. N. and Welling, M.},
  title     = {Semi-Supervised Classification with Graph Convolutional Networks},
  booktitle = {International Conference on Learning Representation},
  year      = {2017},
  keywords  = {deep},
}

@InProceedings{Kon+2008.,
  author    = {Kondor, R. and Borgwardt, K. M.},
  title     = {The skew spectrum of graphs},
  booktitle = {International Conference on Machine Learning},
  year      = {2008},
  pages     = {496--503},
  keywords  = {kernel},
}

@InProceedings{Kon+2016,
  author        = {Kondor, R. and Pan, H.},
  title         = {The multiscale {L}aplacian Graph Kernel},
  booktitle     = {Advances in Neural Information Processing Systems},
  year          = {2016},
  pages         = {2982--2990},
  __markedentry = {[morris:6]},
  keywords      = {kernel},
}

@InProceedings{Kon+2009,
  author    = {Kondor, R. and Shervashidze, N. and Borgwardt, K. M.},
  title     = {The graphlet spectrum},
  booktitle = {International Conference on Machine Learning},
  year      = {2009},
  pages     = {529--536},
  keywords  = {kernel},
}

@InProceedings{Kri+2012,
  author        = {Kriege, N. and Mutzel, P.},
  title         = {Subgraph Matching Kernels for Attributed Graphs},
  booktitle     = {International Conference on Machine Learning},
  year          = {2012},
  __markedentry = {[morris:6]},
  keywords      = {kernel},
}

@InProceedings{Kriege2012,
  author    = {Kriege, N. and Mutzel, P.},
  title     = {Subgraph Matching Kernels for Attributed Graphs},
  booktitle = {International Conference on Machine Learning},
  year      = {2012},
}

@InProceedings{Kri+2014,
  author    = {Kriege, N. and Neumann, M. and Kersting, K. and Mutzel, M.},
  title     = {Explicit versus Implicit Graph Feature Maps: A Computational Phase Transition for Walk Kernels},
  booktitle = {{IEEE} International Conference on Data Mining},
  year      = {2014},
  pages     = {881--886},
  publisher = {IEEE},
}

@InProceedings{Kriege2014,
  author    = {Kriege, N. and Neumann, M. and Kersting, K. and Mutzel, M.},
  title     = {Explicit versus Implicit Graph Feature Maps: {A} Computational Phase Transition for Walk Kernels},
  booktitle = {IEEE International Conference on Data Mining},
  year      = {2014},
  pages     = {881--886},
  keywords  = {kernel},
}

@InProceedings{Kriege2014a,
  author    = {Kriege, N. and Neumann, M. and Kersting, K. and Mutzel, M.},
  title     = {Explicit versus Implicit Graph Feature Maps: {A} Computational Phase Transition for Walk Kernels},
  booktitle = {{IEEE} International Conference on Data Mining},
  year      = {2014},
  pages     = {881--886},
}

@PhdThesis{Kri2015,
  author        = {N. M. Kriege},
  title         = {Comparing Graphs: {A}lgorithms \& Applications},
  school        = {TU Dortmund University},
  year          = {2015},
  type          = {PhD~thesis},
  __markedentry = {[morris:6]},
  keywords      = {kernel},
}

@PhdThesis{Kriege2015,
  author = {Nils Morten Kriege},
  title  = {Comparing Graphs: {A}lgorithms \& Applications},
  school = {TU Dortmund},
  year   = {2015},
  type   = {PhD~thesis},
}

@InProceedings{Kri+2016,
  author        = {Kriege, N. M. and Giscard, P.-L. and Wilson, R. C.},
  title         = {On Valid Optimal Assignment Kernels and Applications to Graph Classification},
  booktitle     = {Advances in Neural Information Processing Systems},
  year          = {2016},
  pages         = {1615--1623},
  __markedentry = {[morris:6]},
  keywords      = {kernel},
}

@InProceedings{Kri+2017,
  author    = {Kriege, N. M. and Morris, C.},
  title     = {Recent Advances in Kernel-Based Graph Classification},
  booktitle = {The European Conference on Machine Learning \& Principles and Practice of Knowledge Discovery In Databases},
  year      = {2017},
  pages     = {388--392},
  keywords  = {kernel},
}

@InProceedings{Kri+2018,
  author    = {Kriege,N. M. and Morris, C. and Rey, A. and Sohler, C.},
  title     = {A Property Testing Framework for the Theoretical Expressivity of Graph Kernels},
  booktitle = {International Joint Conference on Artificial Intelligence},
  year      = {2018},
  pages     = {2348--2354},
}

@article{Kri+2017b,
	author    = {N M. Kriege and
	M. Neumann and
	C. Morris and
	K. Kersting and
	P. Mutzel},
	title     = {A unifying view of explicit and implicit feature maps of graph kernels},
	journal   = {Data Minining and Knowledge Discovery},
	volume    = {33},
	number    = {6},
	pages     = {1505--1547},
	year      = {2019},
}
@InProceedings{Kriege2016,
  author    = {Kriege, N. M. and Giscard. P.-L. and Wilson, R. C.},
  title     = {On Valid Optimal Assignment Kernels and Applications to Graph Classification},
  booktitle = {Advances in Neural Information Processing Systems},
  year      = {2016},
  pages     = {1615--1623},
}

@InProceedings{Lee+2018,
  author    = {Lee, J. B. and Rossi, R. and Kong, X.},
  title     = {Graph Classification Using Structural Attention},
  booktitle = {ACM SIGKDD International Conference on Knowledge Discovery and Data Mining},
  pages     = {1666--1674},
}

@InProceedings{Lei2017,
  author    = {Lei, T. and Jin, W. and Barzilay, R. and Jaakkola, T.},
  title     = {Deriving Neural Architectures from Sequence and Graph Kernels},
  booktitle = {International Conference on Machine Learning},
  year      = {2017},
  publisher = {PMLR},
}

@InProceedings{Lei+2017,
  author    = {Lei, T. and Jin, W. and Barzilay, R. and Jaakkola, T. S.},
  title     = {Deriving Neural Architectures from Sequence and Graph Kernels},
  booktitle = {International Conference on Machine Learning},
  year      = {2017},
  pages     = {2024--2033},
  publisher = {PMLR},
  keywords  = {deep},
}

@InProceedings{Li+2012,
  author    = {B. Li and X. Zhu and L. Chi and C. Zhang},
  title     = {Nested Subtree Hash Kernels for Large-Scale Graph Classification over Streams},
  booktitle = {{IEEE} International Conference on Data Mining},
  year      = {2012},
  pages     = {399-408},
  publisher = {IEEE},
}

@InProceedings{Li2012,
  author    = {B. Li and X. Zhu and L. Chi and C. Zhang},
  title     = {Nested Subtree Hash Kernels for Large-Scale Graph Classification over Streams},
  booktitle = {IEEE International Conference on Data Mining},
  year      = {2012},
  pages     = {399--408},
  keywords  = {kernel},
}

@InProceedings{Li+2015,
  author    = {Li,L. and Tong, H. and Xiao, Y. and Fan, W.},
  title     = {\emph{Cheetah}: Fast Graph Kernel Tracking on Dynamic Graphs},
  booktitle = {SIAM International Conference on Data Mining},
  year      = {2015},
  pages     = {280--288},
  publisher = {SIAM},
  keywords  = {kernel},
}

@InProceedings{Li+2018a,
  author    = {Li, Q. and Han, Z. and Wu, X.-M.},
  title     = {Deeper Insights into Graph Convolutional Networks for Semi-Supervised Learning},
  booktitle = {AAAI Conference on Artificial Intelligence},
  year      = {2018},
  pages     = {3538--3545},
  publisher = {AAAI},
  keywords  = {deep},
  owner     = {chris},
  timestamp = {2018.01.26},
}

@InProceedings{Li+2018,
  author    = {Li, R. and Wang, S. and Zhu, F. and Huang, J.},
  title     = {Adaptive Graph Convolutional Neural Networks},
  booktitle = {AAAI Conference on Artificial Intelligence},
  year      = {2018},
  keywords  = {deep},
  owner     = {chris},
  timestamp = {2018.01.26},
}

@InProceedings{Hua+2018,
  author    = {W. Huang and T. Zhang and Y. Rong and J. Huang},
  title     = {Adaptive Sampling Towards Fast Graph Representation Learning},
  booktitle = {Advances in Neural Information Processing Systems},
  year      = {2018},
  pages     = {4563--4572},
}

@InProceedings{Che+2018a,
  author    = {J. Chen and J. Zhu and L. Song},
  title     = {Stochastic Training of Graph Convolutional Networks with Variance Reduction},
  booktitle = {International Conference on Machine Learning},
  year      = {2018},
  pages     = {941--949},
}

@InProceedings{Li+2016,
  author    = {Li, W. and Saidi, H. and Sanchez, H. and Sch{\"{a}}f, M. and Schweitzer, P.},
  title     = {Detecting Similar Programs via the {W}eisfeiler-{L}eman Graph Kernel},
  booktitle = {International Conference on Software Reuse},
  year      = {2016},
  volume    = {9679},
  series    = {Lecture Notes in Computer Science},
  pages     = {315--330},
  publisher = {Springer},
  keywords  = {kernel},
}

@InProceedings{Li2016,
  author    = {Li, W. and Saidi, H. and Sanchez, H. and Sch{\"{a}}f, M. and Schweitzer, P.},
  title     = {Detecting Similar Programs via the {Weisfeiler-Leman} Graph Kernel},
  booktitle = {International Conference on Software Reuse: {B}ridging with Social-Awarenes},
  year      = {2016},
  pages     = {315--330},
}

@InProceedings{LiGGN+2016,
  author    = {Li, Y. and Tarlow, D. and Brockschmidt, M. and Zemel, R.},
  title     = {Gated Graph Sequence Neural Networks},
  booktitle = {International Conference on Learning Representation},
  year      = {2016},
  keywords  = {deep},
}

@Article{Lov+1979,
  author  = {Lovász, L.},
  title   = {On the Shannon Capacity of a Graph},
  journal = {IEEE Transactions on Information Theory},
  year    = {2006},
  volume  = {25},
  number  = {1},
  pages   = {1--7},
}

@Article{Mah+2005,
  author   = {Mah{\'{e}}, P. and Ueda, N. and Akutsu, T. and Perret, J.-L. and Vert, J.-P.},
  title    = {Graph Kernels for Molecular Structure-Activity Relationship Analysis with Support Vector Machines},
  journal  = {Journal of Chemical Information and Modeling},
  year     = {2005},
  volume   = {45},
  number   = {4},
  pages    = {939--951},
  keywords = {kernel},
}

@Article{Mah+2006,
  author        = {P. Mah\'{e} and L. Ralaivola and V. Stoven and J.-P. Vert},
  title         = {The pharmacophore kernel for virtual screening with support vector machines.},
  journal       = {Journal of Chemical Information and Modeling},
  year          = {2006},
  volume        = {46},
  number        = {5},
  pages         = {2003--2014},
  __markedentry = {[morris:6]},
  keywords      = {kernel},
}

@Article{Mahe2006,
  author  = {P. Mah\'{e} and L. Ralaivola and V. Stoven and J.-P. Vert},
  title   = {The pharmacophore kernel for virtual screening with support vector machines.},
  journal = {Journal of Chemical Information and Modeling},
  year    = {2006},
  volume  = {46},
  number  = {5},
  pages   = {2003--2014},
}

@InProceedings{Mah+2004,
  author        = {Mah\'{e}, P. and Ueda, N. and Akutsu, T. and Perret, J.-L. and Vert, J.-P.},
  title         = {Extensions of marginalized graph kernels},
  booktitle     = {International Conference on Machine Learning},
  year          = {2004},
  pages         = {552--559},
  publisher     = {{ACM}},
  __markedentry = {[morris:6]},
  keywords      = {kernel},
}

@InProceedings{Mahe2004,
  author    = {Mah\'{e}, P. and Ueda, N. and Akutsu, T. and Perret, J.-L. and Vert, J.-P.},
  title     = {Extensions of marginalized graph kernels},
  booktitle = {21st International Conference on Machine Learning},
  year      = {2004},
  pages     = {552--559},
}

@Article{Mah+2009,
  author        = {Mah\'{e}, P. and Vert, J.-P.},
  title         = {Graph kernels based on tree patterns for molecules},
  journal       = {Machine Learning},
  year          = {2009},
  volume        = {75},
  number        = {1},
  pages         = {3--35},
  __markedentry = {[morris:6]},
  keywords      = {kernel},
}

@Article{Mal2014,
  author  = {P. N. Malkin},
  title   = {Sherali–Adams relaxations of graph isomorphism polytopes},
  journal = {Discrete Optimization},
  year    = {2014},
  volume  = {12},
  pages   = {73 - 97},
}

@InProceedings{Mas+2015,
  author    = {Masci, J. and Boscaini, D. and Bronstein, M. M. and Vandergheynst, P.},
  title     = {Geodesic Convolutional Neural Networks on Riemannian Manifolds},
  booktitle = {{IEEE} Workshop on 3D Representation and Recognition},
  year      = {2015},
  keywords  = {deep},
}

@Article{May+2016,
  author   = {Mayr, A. and Klambauer, G. and Unterthiner, T. and Hochreiter, S.},
  title    = {{DeepTox: Toxicity Prediction using Deep Learning}},
  journal  = {Frontiers in Environmental Science},
  year     = {2016},
  volume   = {3},
  number   = {80},
  keywords = {deep},
}

@Article{Mer+2005,
  author   = {Merkwirth, C. and Lengauer, T.},
  title    = {Automatic Generation of Complementary Descriptors with Molecular Graph Networks},
  journal  = {Journal of Chemical Information and Modeling},
  year     = {2005},
  volume   = {45},
  number   = {5},
  pages    = {1159--1168},
  keywords = {deep},
}

@Article{Mic+2011,
  author   = {Micheli, A.},
  title    = {Neural Network for Graphs: A Contextual Constructive Approach},
  journal  = {IEEE Transactions on Neural Networks},
  year     = {2009},
  volume   = {20},
  number   = {3},
  pages    = {498--511},
  keywords = {deep},
}

@Article{Mik+2013,
  author  = {Mikolov, T. and Chen, K. and Corrado, G. and Dean, J.},
  title   = {Efficient Estimation of Word Representations in Vector Space},
  journal = {CoRR},
  year    = {2013},
  volume  = {abs/1301.3781},
}

@Article{Mil+2002,
  author  = {Milo, R. and Shen-Orr, S. and Itzkovitz, S. and Kashtan, N. and Chklovskii, D. and Alon, U.},
  title   = {Network motifs: simple building blocks of complex networks.},
  journal = {Science},
  year    = {2002},
  volume  = {298},
  number  = {5594},
  pages   = {824--827},
}

@Book{Moh+2012,
  title     = {Foundations of Machine Learning},
  publisher = {MIT Press},
  year      = {2012},
  author    = {Mohri, M. and Rostamizadeh, A. and Talwalkar, A.},
}

@InProceedings{Mon+2017,
  author    = {Monti, F. and Boscaini, D. and Masci, J. and Rodol{\`{a}}, E. and Svoboda, J. and Bronstein, M. M.},
  title     = {Geometric Deep Learning on Graphs and Manifolds Using Mixture Model {CNNs}},
  booktitle = {IEEE Conference on Computer Vision and Pattern Recognition},
  year      = {2017},
  pages     = {5425--5434},
  keywords  = {deep},
}

@InProceedings{Mon+2017a,
  author    = {Monti, F. and Bronstein, M. M. and Bresson, X.},
  title     = {Geometric Matrix Completion with Recurrent Multi-Graph Neural Networks},
  booktitle = {Advances in Neural Information Processing Systems},
  year      = {2017},
  pages     = {3700--3710},
  keywords  = {deep},
}

@InProceedings{Mor+2017,
  author    = {Morris, C. and Kersting, K. and Mutzel, P.},
  title     = {Glocalized {W}eisfeiler-{L}ehman Kernels: Global-Local Feature Maps of Graphs},
  booktitle = {IEEE International Conference on Data Mining},
  year      = {2017},
  pages     = {327--336},
  keywords  = {kernel},
}

@InProceedings{Mor+2016,
  author    = {Morris, C. and Kriege, N. M. and Kersting, K. and Mutzel, P.},
  title     = {Faster Kernel for Graphs with Continuous Attributes via Hashing},
  booktitle = {IEEE International Conference on Data Mining},
  year      = {2016},
  pages     = {1095--1100},
  keywords  = {kernel},
}

@InProceedings{Mor+2019,
  author    = {Morris, C. and Ritzert, M. and Fey, M. and Hamilton, W. L. and Lenssen, Jan Eric and Rattan, G. and Grohe, M.},
  title     = {{Weisfeiler and Leman} Go Neural: {H}igher-order Graph Neural Networks},
  booktitle = {AAAI Conference on Artificial Intelligence},
  year      = {2019},
  pages     = {4602--4609},
  keywords  = {deep},
}

@Article{Neu+2006,
  author   = {Neuhaus, M. and Bunke, H.},
  title    = {Edit Distance-based Kernel Functions for Structural Pattern Classification},
  journal  = {Pattern Recognition},
  year     = {2006},
  volume   = {39},
  number   = {10},
  pages    = {1852--1863},
  keywords = {kernel},
}

@PhdThesis{Neumann2015,
  author   = {Neumann, M.},
  title    = {Learning with Graphs using Kernels from Propagated Information},
  school   = {University of Bonn},
  year     = {2015},
  type     = {PhD~thesis},
  keywords = {kernel},
}

@Article{Rozemberczki2020,
	author        = {B. Rozemberczki and O. Kiss and R. Sarkar},
	title         = {An {API} Oriented Open-source Python Framework for Unsupervised Learning on Graphs},
	journal       = {CoRR},
	year          = {2020},
	volume        = {abs/2003.04819}
}

@inproceedings{Oettershagen2019,
	author    = {L. Oettershagen and
	N. M. Kriege and
	C. Morris and
	P. Mutzel},
	title = {Temporal Graph Kernels for Classifying Dissemination Processes},
	booktitle = {{SIAM} International Conference on Data Mining},
	pages     = {496--504},
	year      = {2020}
}


@inproceedings{viswanath2009evolution,
	title={On the evolution of user interaction in {F}acebook},
	author={Viswanath, B. and Mislove, A. and Cha, M. and Gummadi, K. P.},
	booktitle = {ACM Workshop on Online Social Networks},
	pages={37--42},
	year={2009}
}

@article{konect:eagle06,
	title = {{Reality} {Mining}: Sensing Complex Social Systems}, 
	author = {Eagle, N. and Pentland, A.},
	journal = {Personal Ubiquitous Computing},
	volume = {10},
	number = {4},
	year = {2006},
	pages = {255--268},
}

@InProceedings{Knyazev2019,
	author    = {B. Knyazev and G. W. Taylor and M. R. Amer},
	title     = {Understanding Attention and Generalization in Graph Neural Networks},
	booktitle = {Neural Information Processing Systems},
	year      = {2019},
	pages     = {4204--4214},
}


@Article{Isella2011,
	title                    = {What's in a crowd? {A}nalysis of face-to-face behavioral networks },
	author                   = {Isella, L. and Stehlé, J. and Barrat, A. and Cattuto, C. and Pinton, J.-F. and Van den Broeck, W.},
	journal                  = {Journal of Theoretical Biology},
	year                     = {2011},
	number                   = {1},
	pages                    = {166--180},
	volume                   = {271}
}


@inproceedings{rozenshtein2016reconstructing,
	title={Reconstructing an epidemic over time},
	author={Rozenshtein, P. and Gionis, A. and Prakash, B. A. and Vreeken, J.},
	booktitle={ACM SIGKDD International Conference on Knowledge Discovery and Data Mining},
	pages={1835--1844},
	year={2016}
}

@Article{Neu+2016,
  author   = {Neumann, M. and Garnett, R. and Bauckhage, C. and Kersting, K.},
  title    = {Propagation kernels: {E}fficient graph kernels from propagated information},
  journal  = {Machine Learning},
  year     = {2016},
  volume   = {102},
  number   = {2},
  pages    = {209--245},
  keywords = {kernel},
}

@Article{New+2013,
  author  = {Newman, I. and Sohler, C.},
  title   = {Every Property of Hyperfinite Graphs Is Testable},
  journal = {SIAM Journal on Computing},
  year    = {2013},
  volume  = {42},
  number  = {3},
  pages   = {1095--1112},
}

@InProceedings{Yan+2008,
  author    = {X. Yan and H. Cheng and J. Han and P. S. Yu},
  title     = {Mining significant graph patterns by leap search},
  booktitle = {{ACM} {SIGMOD} International Conference on Management of Data},
  year      = {2008},
  pages     = {433--444}
}

@Article{Sch+2004,
  author  = {Schomburg, I. and Chang, A. and Ebeling, C. and Gremse, M. and Heldt, C. and Huhn, G. and Schomburg, D.},
  title   = {{BRENDA}, the enzyme database: updates and major new developments},
  journal = {Nucleic acids research},
  year    = {2004},
  volume  = {32},
  number  = {Database issue},
  pages   = {D431—3},
  month   = {January},
}

@InProceedings{Ron+2020,
  author    = {Y. Rong and W. Huang and T. Xu and J. Huang},
  title     = {{DropEdge:} {Towards} Deep Graph Convolutional Networks on Node Classification},
  booktitle = {International Conference on Learning Representations},
  year      = {2020},
}

@Article{Mae+2019,
  author  = {T. Maehara and H. NT},
  title   = {A Simple Proof of the Universality of Invariant/Equivariant Graph Neural Networks},
  journal = {CoRR},
  year    = {2019},
  volume  = {abs/1910.03802},
}

@Article{New2003,
  author  = {Newman, M. E. J.},
  title   = {The structure and function of complex networks},
  journal = {SIAM review},
  year    = {2003},
  volume  = {45},
  number  = {2},
  pages   = {167--256},
}

@InProceedings{Ngu+2018,
  author    = {Nguyen, T. H. and Grishman, R.},
  title     = {Graph Convolutional Networks with Argument-Aware Pooling for Event Detection},
  booktitle = {AAAI Conference on Artificial Intelligence},
  year      = {2018},
  keywords  = {deep},
  owner     = {chris},
  timestamp = {2018.01.26},
}

@InProceedings{Nie+2016,
  author    = {Niepert, M. and Ahmed, M. and Kutzkov, K.},
  title     = {Learning Convolutional Neural Networks for Graphs},
  booktitle = {International Conference on Machine Learning},
  year      = {2016},
  pages     = {2014--2023}
}

@InProceedings{Nik+2018,
  author    = {Nikolentzos, G. and Meladianos, P. and Limnios, S. and Vazirgiannis, M.},
  title     = {A Degeneracy Framework for Graph Similarity},
  booktitle = {International Joint Conference on Artificial Intelligence},
  year      = {2018},
  pages     = {2595--2601}
}

@InProceedings{Nik+2017a,
  author    = {Nikolentzos, G. and Meladianos, P. and Rousseau, F. and Stavrakas, Y. and Vazirgiannis, M.},
  title     = {Shortest-Path Graph Kernels for Document Similarity},
  booktitle = {EMNLP},
  year      = {2017},
  pages     = {1890--1900},
  keywords  = {kernel},
}

@InProceedings{Nik+2017,
  author    = {Nikolentzos, G. and Meladianos, P. and Vazirgiannis, M.},
  title     = {Matching Node Embeddings for Graph Similarity},
  booktitle = {AAAI Conference on Artificial Intelligence},
  year      = {2017},
  pages     = {2429--2435},
}

@InProceedings{Nikolentzos2017,
  author    = {Nikolentzos, G. and Meladianos, P. and Vazirgiannis, M.},
  title     = {Matching Node Embeddings for Graph Similarity},
  booktitle = {AAAI Conference on Artificial Intelligence},
  year      = {2017},
  pages     = {2429--2435},
  keywords  = {kernel},
}

@Article{One+2013,
  author  = {Oneto, L. and Ghio, A. and Anguita, D. and Ridella, S.},
  title   = {An improved analysis of the Rademacher data-dependent bound using its self bounding property},
  journal = {Neural Networks},
  year    = {2013},
  volume  = {44},
  pages   = {107--111},
}

@Article{One+2017,
  author   = {Oneto, L. and Navarin, N. and Donini, M. and Sperduti, A. and Aiolli, F. and Anguita, D.},
  title    = {Measuring the expressivity of graph kernels through Statistical Learning Theory},
  journal  = {Neurocomputing},
  year     = {2017},
  volume   = {268},
  number   = {Supplement C},
  pages    = {4--16},
  keywords = {kernel},
}

@InProceedings{Ors+2015,
  author    = {Orsini, F. and Frasconi, P. and De Raedt, L.},
  title     = {Graph Invariant Kernels},
  booktitle = {International Joint Conference on Artificial Intelligence},
  year      = {2015},
  pages     = {3756--3762},
  publisher = {IJCAI},
}

@InProceedings{Orsini2015,
  author        = {Orsini, F. and Frasconi, P. and De Raedt, L.},
  title         = {Graph Invariant Kernels},
  booktitle     = {International Joint Conference on Artificial Intelligence},
  year          = {2015},
  pages         = {3756--3762},
  __markedentry = {[morris:6]},
  keywords      = {kernel},
}

@Article{Ped+2011,
  author  = {Pedregosa, F. and Varoquaux, G. and Gramfort, A. and Michel, V. and Thirion, B. and Grisel, O. and Blondel, M. and Prettenhofer, P. and Weiss, R. and Dubourg, V. and Vanderplas, J. and Passos, A. and Cournapeau, D. and Brucher, M. and Perrot, M. and Duchesnay, E.},
  title   = {Scikit-learn: Machine Learning in {P}ython},
  journal = {Journal of Machine Learning Research},
  year    = {2011},
  volume  = {12},
  pages   = {2825--2830},
}

@InProceedings{Pha+2017,
  author    = {Pham, T. and Tran, T. and Phung, D. Q. and Venkatesh, S.},
  title     = {Column Networks for Collective Classification},
  booktitle = {AAAI Conference on Artificial Intelligence},
  year      = {2017},
  pages     = {2485--2491},
  keywords  = {deep},
}

@InProceedings{Rah+2008,
  author    = {Rahimi, A. and Recht, B.},
  title     = {Random features for large-scale kernel machines},
  booktitle = {Advances in Neural Information Processing Systems},
  year      = {2008},
  pages     = {1177--1184},
  publisher = {NIPS},
}

@Article{Ram+2014,
  author  = {Ramakrishnan, R. and Dral, P., O. and Rupp, M. and von Lilienfeld, O. A.},
  title   = {Quantum chemistry structures and properties of 134 kilo molecules},
  journal = {Scientific Data},
  year    = {2014},
  volume  = {1},
}

@InProceedings{Ram+2003,
  author        = {J. Ramon and T. G{\"a}rtner},
  title         = {Expressivity versus Efficiency of Graph Kernels},
  booktitle     = {International Workshop on Mining Graphs, Trees and Sequences},
  year          = {2003},
  pages         = {65--74},
  __markedentry = {[morris:6]},
  keywords      = {kernel},
}

@InProceedings{Ramon2003,
  author    = {J. Ramon and T. G{\"a}rtner},
  title     = {Expressivity versus Efficiency of Graph Kernels},
  booktitle = {International Workshop on Mining Graphs, Trees and Sequences},
  year      = {2003},
}

@InProceedings{Rio+2016,
  author    = {Riondato, M. and Upfal, E.},
  title     = {{ABRA:} {A}pproximating Betweenness Centrality in Static and Dynamic Graphs with Rademacher Averages},
  booktitle = {ACM SIGKDD International Conference on Knowledge Discovery and Data Mining},
  year      = {2016},
  pages     = {1145--1154},
}

@Article{Rud+2012,
  author  = {Ruddigkeit, L. and van Deursen, R. and Blum, L. C. and Reymond, J.-L.},
  title   = {Enumeration of 166 Billion Organic Small Molecules in the Chemical Universe Database GDB-17},
  journal = {Journal of Chemical Information and Modeling},
  year    = {2012},
  volume  = {52 11},
  pages   = {2864-75},
}

@Article{Sca+2009,
  author   = {Scarselli, F. and Gori, M. and Tsoi, A. C. and Hagenbuchner, M. and Monfardini, G.},
  title    = {The Graph Neural Network Model},
  journal  = {IEEE Transactions on Neural Networks},
  year     = {2009},
  volume   = {20},
  number   = {1},
  pages    = {61--80},
  keywords = {deep},
}

@Article{Sca+2009a,
  author   = {Scarselli, F. and Gori, M. and Tsoi, A. C. and Hagenbuchner, M. and Monfardini, G.},
  title    = {Computational Capabilities of Graph Neural Networks},
  journal  = {IEEE Transactions on Neural Networks},
  year     = {2009},
  volume   = {20},
  number   = {1},
  pages    = {81--102},
  keywords = {deep},
}

@InProceedings{Sch+2017,
  author    = {Sch{\"{u}}tt, K. and Kindermans, P. J. and Sauceda, H. E. and Chmiela, S. and Tkatchenko, A. and M{\"{u}}ller, K. R.},
  title     = {{SchNet}: A Continuous-Filter Convolutional Neural Network for Modeling Quantum Interactions},
  booktitle = {Advances in Neural Information Processing Systems},
  year      = {2017},
  pages     = {992--1002},
  publisher = {NIPS},
  keywords  = {deep},
}

@InProceedings{Sev+2012,
  author    = {Sevakula, R. K. and Verma, N. K.},
  title     = {Support Vector Machine for Large Databases as Classifier},
  booktitle = {SEMCCO},
  year      = {2012},
  volume    = {7677},
  series    = {Lecture Notes in Computer Science},
  publisher = {Springer},
}

@Book{Sha+2014,
  title     = {Understanding Machine Learning: {F}rom Theory to Algorithms},
  publisher = {Cambridge University Press},
  year      = {2014},
  author    = {Shalev-Shwartz, S. and Ben-David, S.},
}

@PhdThesis{She+2012,
  author      = {Shervashidze, N.},
  title       = {Scalable graph kernels},
  year        = {2012},
  type        = {PhD~thesis},
  institution = {Eberhard Karls Universit\"{a}t T\"{u}bingen},
  keywords    = {kernel},
}

@Article{She+2011,
  author  = {Shervashidze, N. and Schweitzer, P. and van Leeuwen, E. J. and Mehlhorn, K. and Borgwardt, K. M.},
  title   = {Weisfeiler-{L}ehman Graph Kernels},
  journal = {Journal of Machine Learning Research},
  year    = {2011},
  volume  = {12},
  pages   = {2539--2561},
}

@Article{Shervashidze2011,
  author        = {Shervashidze, N. and Schweitzer, P. and van Leeuwen, E. J. and Mehlhorn, K. and Borgwardt, K. M.},
  title         = {Weisfeiler-{L}ehman Graph Kernels},
  journal       = {PMLR},
  year          = {2011},
  volume        = {12},
  pages         = {2539--2561},
  __markedentry = {[morris:6]},
  keywords      = {kernel},
}

@Article{Shervashidze2011a,
  author   = {Shervashidze, N. and Schweitzer, P. and van Leeuwen, E. J. and Mehlhorn, K. and Borgwardt, K. M.},
  title    = {Weisfeiler-{L}ehman Graph Kernels},
  journal  = {PMLR},
  year     = {2011},
  volume   = {12},
  pages    = {2539--2561},
  keywords = {kernel},
}

@InProceedings{She+2009,
  author    = {Shervashidze, N. and Vishwanathan, S.~V.~N. and Petri, T. H. and Mehlhorn, K. and Borgwardt, K. M.},
  title     = {Efficient Graphlet Kernels for Large Graph Comparison},
  booktitle = {International Conference on Artificial Intelligence and Statistics},
  year      = {2009},
  pages     = {488--495},
}

@InProceedings{Shervashidze2009,
  author    = {Shervashidze, N. and Vishwanathan, S.~V.~N. and Petri, T. H. and Mehlhorn, K. and Borgwardt, K. M.},
  title     = {Efficient Graphlet Kernels for Large Graph Comparison},
  booktitle = {International Conference on Artificial Intelligence and Statistics},
  year      = {2009},
  pages     = {488--495},
  keywords  = {kernel},
}

@InProceedings{Sim+2017,
  author    = {Simonovsky, M. and Komodakis, N.},
  title     = {Dynamic Edge-Conditioned Filters in Convolutional Neural Networks on Graphs},
  booktitle = {IEEE Conference on Computer Vision and Pattern Recognition},
  year      = {2017},
  pages     = {29--38},
  keywords  = {deep},
}

@Book{Ste+2008,
  title     = {Support Vector Machines},
  publisher = {Springer},
  year      = {2008},
  author    = {Steinwart, I. and Christmann, A.},
  series    = {Information Science and Statistics},
  address   = {New York},
}

@InProceedings{Su+2016,
  author        = {Y. Su and F. Han and R. E. Harang and X. Yan},
  title         = {A fast Kernel for Attributed Graphs},
  booktitle     = {SIAM International Conference on Data Mining},
  year          = {2016},
  pages         = {486-494},
  publisher     = {SIAM},
  __markedentry = {[morris:6]},
  keywords      = {kernel},
}

@InProceedings{Su2016,
  author    = {Y. Su and F. Han and R. E. Harang and X. Yan},
  title     = {A fast Kernel for Attributed Graphs},
  booktitle = {SIAM International Conference on Data Mining},
  year      = {2016},
}

@InProceedings{Sug+2015,
  author    = {Sugiyama, M. and Borgwardt, K. M.},
  title     = {Halting in Random Walk Kernels},
  booktitle = {Advances in Neural Information Processing Systems},
  year      = {2015},
  pages     = {1639--1647},
  publisher = {NIPS},
}

@InProceedings{Sugiyama2015,
  author        = {Sugiyama, M. and Borgwardt, K. M.},
  title         = {Halting in Random Walk Kernels},
  booktitle     = {Advances in Neural Information Processing Systems},
  year          = {2015},
  pages         = {1639--1647},
  __markedentry = {[morris:6]},
  keywords      = {kernel},
}

@Article{Sut+2003,
  author  = {Sutherland, J. J. and O'Brien, L. A. and Weaver, D. F.},
  title   = {Spline-Fitting with a Genetic Algorithm: {A} Method for De+oping Classification Structure-Activity Relationships},
  journal = {Journal of Chemical Information and Computer Sciences},
  year    = {2003},
  volume  = {43},
  number  = {6},
  pages   = {1906--1915},
}

@Article{Swa+2005,
  author   = {Swamidass, S. J. and Chen, J. and Bruand, Jo. and Phung, P. and Ralaivola, L. and Baldi, P.},
  title    = {Kernels for small molecules and the prediction of mutagenicity, toxicity and anti-cancer activity},
  journal  = {Bioinformatics},
  year     = {2005},
  volume   = {21},
  number   = {Suppl 1},
  pages    = {i359-i368},
  keywords = {kernel},
}

@InProceedings{Vel+2018,
  author    = {P. Velickovic and G. Cucurull and A. Casanova and A. Romero and P. Li{\`{o}} and Y. Bengio},
  title     = {Graph Attention Networks},
  booktitle = {International Conference on Learning Representations},
  year      = {2018},
}

@article{Bai+2019,
	author    = {S. Bai and
	F. Zhang and
	P. H. S. Torr},
	title     = {Hypergraph Convolution and Hypergraph Attention},
	journal   = {CoRR},
	volume    = {abs/1901.08150},
	year      = {2019}
}

@InProceedings{Yad+2019,
  author    = {N. Yadati and M. Nimishakavi and P. Yadav and V. Nitin and A. Louis and P. P. Talukdar},
  title     = {{HyperGCN:} {A} New Method For Training Graph Convolutional Networks on Hypergraphs},
  booktitle = {Advances in Neural Information Processing Systems},
  year      = {2019},
  pages     = {1509--1520},
}

@InProceedings{Yad+2020,
  author    = {P. Yadav and M. Nimishakavi and N. Yadati and S. Vashishth and A. Rajkumar and P. Pratim Talukdar},
  title     = {Lovasz Convolutional Networks},
  booktitle = {22nd International Conference on Artificial Intelligence and Statistics},
  year      = {2019},
  pages     = {1978--1987},
}

@InProceedings{Fue+2017,
  author    = {Martin F{\"{u}}rer},
  title     = {On the Combinatorial Power of the {Weisfeiler-Lehman} Algorithm},
  booktitle = {International Conference on Algorithms and Complexity},
  year      = {2017},
  pages     = {260--271},
}

@InProceedings{Lic+2019,
  author    = {M. Lichter and I. Ponomarenko and P. Schweitzer},
  title     = {Walk refinement, walk logic, and the iteration number of the {Weisfeiler-Leman} algorithm},
  booktitle = {34th Annual {ACM/IEEE} Symposium on Logic in Computer Science},
  year      = {2019},
  pages     = {1--13}
}

@InProceedings{Fuh+2020,
  author    = {F. Fuhlbr{\"{u}}ck and J. K{\"{o}}bler and O. Verbitsky},
  title     = {Identifiability of Graphs with Small Color Classes by the {Weisfeiler-Leman} Algorithm},
  booktitle = {37th International Symposium on Theoretical Aspects of Computer Science},
  year      = {2020},
  volume    = {154},
  series    = {LIPIcs},
  pages     = {43:1--43:18},
  publisher = {Schloss Dagstuhl - Leibniz-Zentrum f{\"{u}}r Informatik},
}

@Article{Fuh+2020b,
  author  = {F. Fuhlbr{\"{u}}ck and J. K{\"{o}}bler and O. Verbitsky},
  title   = {Local {WL} Invariance and Hidden Shades of Regularity},
  journal = {CoRR},
  year    = {2020},
  volume  = {abs/2002.04590},
}

@InProceedings{Arv+2019,
  author    = {V. Arvind and F. Fuhlbr{\"{u}}ck and J. K{\"{o}}bler and O. Verbitsky},
  title     = {On {Weisfeiler-Leman} Invariance: Subgraph Counts and Related Graph Properties},
  booktitle = {International Symposium on Fundamentals of Computation Theory},
  year      = {2019},
  pages     = {111--125}
}

@InProceedings{Hai+2019,
  author    = {S. Abu{-}El{-}Haija and B. Perozzi and A. Kapoor and N. Alipourfard and K. Lerman and H. Harutyunyan and G. Ver Steeg and A. Galstyan},
  title     = {MixHop: Higher-Order Graph Convolutional Architectures via Sparsified Neighborhood Mixing},
  booktitle = {International Conference on Machine Learning},
  year      = {2019},
  pages     = {21--29},
}

@InProceedings{Gao+2019,
  author    = {H. Gao and S. Ji},
  title     = {{Graph U-Nets}},
  booktitle = {International Conference on Machine Learning},
  year      = {2019},
  pages     = {2083--2092},
}

@Article{Can+2018,
  author  = {C. Cangea and P. Velickovic and N. Jovanovic and T. Kipf and P. Li{\`{o}}},
  title   = {Towards Sparse Hierarchical Graph Classifiers},
  journal = {CoRR},
  year    = {2018},
  volume  = {abs/1811.01287},
}

@InProceedings{Cha+2019,
  author    = {I. Chami and Z. Ying and C. R{\'{e}} and J. Leskovec},
  title     = {Hyperbolic Graph Convolutional Neural Networks},
  booktitle = {Advances in Neural Information Processing Systems},
  year      = {2019},
  pages     = {4869--4880},
}

@InProceedings{Monti2017,
  author    = {F. Monti and D. Boscaini and J. Masci and E. Rodol{\`{a}} and J. Svoboda and M. M. Bronstein},
  title     = {Geometric Deep Learning on Graphs and Manifolds Using Mixture Model CNNs},
  booktitle = {2017 {IEEE} Conference on Computer Vision and Pattern Recognition},
  year      = {2017},
  pages     = {5425--5434},
  publisher = {{IEEE} Computer Society},
}

@InProceedings{Cha+2018,
  author    = {C. Meng and S. C. Mouli and B. Ribeiro and J. Neville},
  title     = {Subgraph Pattern Neural Networks for High-Order Graph Evolution Prediction},
  booktitle = {{AAAI} Conference on Artificial Intelligence},
  year      = {2018},
  pages     = {3778--3787},
}

@InProceedings{Zha+2019,
  author    = {R. Zhang and Y. Zou and J. Ma},
  title     = {{Hyper-SAGNN:} {A} self-attention based graph neural network for hypergraphs},
  booktitle = {International Conference on Learning Representations},
  year      = {2020},
}

@Article{Ver2008,
  author   = {Vert, J.{-}P.},
  title    = {The optimal assignment kernel is not positive definite},
  journal  = {CoRR},
  year     = {2008},
  volume   = {abs/0801.4061},
  keywords = {kernel},
}

@InProceedings{DBLP:conf/iclr/Srinivasan020,
  author    = {Balasubramaniam Srinivasan and Bruno Ribeiro},
  title     = {On the Equivalence between Positional Node Embeddings and Structural Graph Representations},
  booktitle = {8th International Conference on Learning Representations, {ICLR} 2020, Addis Ababa, Ethiopia, April 26-30, 2020},
  year      = {2020},
  publisher = {OpenReview.net},
  bibsource = {dblp computer science bibliography, https://dblp.org},
  biburl    = {https://dblp.org/rec/conf/iclr/Srinivasan020.bib},
  timestamp = {Thu, 07 May 2020 17:11:48 +0200},
  url       = {https://openreview.net/forum?id=SJxzFySKwH},
}

@InProceedings{Mur+2019,
  author    = {Ryan L. Murphy and B. Srinivasan and V. A. Rao and B. Ribeiro},
  title     = {Relational Pooling for Graph Representations},
  booktitle = {International Conference on Machine Learning},
  year      = {2019},
  pages     = {4663--4673},
}

@InProceedings{Mur+2019a,
  author    = {R. L. Murphy and B. Srinivasan and V. A. Rao and B. Ribeiro},
  title     = {Janossy Pooling: Learning Deep Permutation-Invariant Functions for Variable-Size Inputs},
  booktitle = {International Conference on Learning Representations},
  year      = {2019},
}

@Article{Vis+2010,
  author  = {Vishwanathan, S.~V.~N. and Schraudolph, N. N. and Kondor, R. and Borgwardt, K. M.},
  title   = {Graph Kernels},
  journal = {Journal of Machine Learning Research},
  year    = {2010},
  volume  = {11},
  pages   = {1201--1242},
  note    = {JMLR},
}

@Article{Vishwanathan2010,
  author  = {Vishwanathan, S.~V.~N. and Schraudolph, N. N. and Kondor, R. and Borgwardt, K. M.},
  title   = {Graph Kernels},
  journal = {Journal of Machine Learning Research},
  year    = {2010},
  volume  = {11},
  pages   = {1201--1242},
}

@Article{Vishwanathan2010a,
  author   = {Vishwanathan, S. V. N. and Schraudolph, N. N. and Kondor, R. and Borgwardt, K. M.},
  title    = {Graph Kernels},
  journal  = {Journal of Machine Learning Research},
  year     = {2010},
  volume   = {11},
  pages    = {1201--1242},
  keywords = {kernel},
}

@Article{Wal+2008,
  author        = {N. Wale and I. A. Watson and G. Karypis},
  title         = {Comparison of descriptor spaces for chemical compound retrieval and classification},
  journal       = {Knowledge and Information Systems},
  year          = {2008},
  volume        = {14},
  number        = {3},
  pages         = {347--375},
  __markedentry = {[morris:6]},
  keywords      = {kernel},
}

@InProceedings{Wan+2018,
  author    = {Wang, H. and Wang, J. and Wang, J. and Zhao, M. and Zhang, W. and Zhang, F. and Xie, X. Guo, M.},
  title     = {GraphGAN: Graph Representation Learning with Generative Adversarial Nets},
  booktitle = {AAAI Conference on Artificial Intelligence},
  year      = {2018},
  keywords  = {deep},
  owner     = {chris},
  timestamp = {2018.01.26},
}

@InProceedings{Wan+2018b,
  author    = {Wang, T. and Liao, R. and Ba, J. and Fidler, S.},
  title     = {NerveNet: Learning Structured Policy with Graph Neural Networks},
  booktitle = {International Conference on Learning Representation},
  year      = {2018},
  keywords  = {deep},
  owner     = {chris},
  timestamp = {2018.02.26},
}

@Article{Wang2018,
  author  = {Wang, Y. and Sun, Y. and Liu, Z. and Sarma, S. E. and Bronstein, M. M. and Solomon, J. M.},
  title   = {Dynamic Graph {{CNN}} for Learning on Point Clouds},
  journal = {CoRR},
  year    = {2018},
  volume  = {abs/1801.07829},
}

@InProceedings{Jin+2018a,
  author    = {W. Jin and R. Barzilay and T. S. Jaakkola},
  title     = {Junction Tree Variational Autoencoder for Molecular Graph Generation},
  booktitle = {International Conference on Machine Learning},
  year      = {2018},
  pages     = {2328--2337},
}

@Article{Wat+1998,
  author  = {Watts, Duncan J and Strogatz, Steven H},
  title   = {Collective dynamics of ’small-world’networks},
  journal = {Nature},
  year    = {1998},
  volume  = {393},
  number  = {6684},
  pages   = {440},
}

@InProceedings{Wei+2009,
  author    = {Weinberger, K. and Dasgupta, A. and Langford, J. and Smola, A. J. and Attenberg, J.},
  title     = {Feature Hashing for Large Scale Multitask Learning},
  booktitle = {Annual International Conference on Machine Learning},
  year      = {2009},
}

@InProceedings{Kin+2015,
  author    = {D. P. Kingma and J. Ba},
  title     = {Adam: {A} Method for Stochastic Optimization},
  booktitle = {International Conference on Learning Representations},
  year      = {2015},
}

@Article{Wu+2018,
  author  = {Wu, Z. and Ramsundar, B. and Feinberg, E. N. and Gomes, J. and Geniesse, C. and Pappu, A. S. and Leswing, K. and Pande, V.},
  title   = {{MoleculeNet:} {A} benchmark for molecular machine learning},
  journal = {Chemical Science},
  year    = {2018},
  volume  = {9},
  pages   = {513--530},
  issue   = {2},
}

@InProceedings{Xu+2018,
  author    = {Xu, K. and Li, C. and Tian, Y. and Sonobe, T. and Kawarabayashi, K. and Jegelka, S.},
  title     = {Representation Learning on Graphs with Jumping Knowledge Networks},
  booktitle = {International Conference on Machine Learning},
  year      = {2018},
  pages     = {5453--5462},
}

@InProceedings{Yan+2015,
  author    = {Yanardag, P. and Vishwanathan, S.~V.~N.},
  title     = {A Structural Smoothing Framework For Robust Graph Comparison},
  booktitle = {Advances in Neural Information Processing Systems},
  year      = {2015},
  pages     = {2125--2133}
}

@InProceedings{Yan+2015a,
  author    = {Yanardag, P. and Vishwanathan, S.~V.~N.},
  title     = {Deep Graph Kernels},
  booktitle = {ACM SIGKDD International Conference on Knowledge Discovery and Data},
  year      = {2015},
  pages     = {1365--1374},
  publisher = {ACM},
}

@InProceedings{Yanardag2015,
  author    = {Yanardag, P. and Vishwanathan, S. V. N.},
  title     = {Deep Graph Kernels},
  booktitle = {ACM SIGKDD International Conference on Knowledge Discovery and Data Mining},
  year      = {2015},
  pages     = {1365--1374},
  keywords  = {kernel},
}

@InProceedings{Yanardag2015a,
  author    = {Yanardag, P. and Vishwanathan, S. V. N.},
  title     = {A Structural Smoothing Framework For Robust Graph Comparison},
  booktitle = {Advances in Neural Information Processing Systems},
  year      = {2015},
  pages     = {2134--2142},
  keywords  = {kernel},
}

@InProceedings{Yao+2015,
  author    = {Y. Yao and L. B. Holder},
  title     = {Scalable classification for large dynamic networks},
  booktitle = {IEEE International Conference on Big Data},
  year      = {2015},
  pages     = {609-618},
  publisher = {IEEE},
}

@InProceedings{Yao+2014,
  author    = {Y. Yao and L. B. Holder},
  title     = {Scalable {SVM}-Based Classification in Dynamic Graphs},
  booktitle = {IEEE International Conference on Data Mining},
  year      = {2014},
  pages     = {650--659},
}

@InProceedings{Yi+2017,
  author    = {Yi, L. and Su, H. and Guo, H. and Guibas, L.},
  title     = {SyncSpecCNN: Synchronized Spectral CNN for 3D Shape Segmentation},
  booktitle = {IEEE Conference on Computer Vision and Pattern Recognition},
  year      = {2017},
  pages     = {6584--6592},
  keywords  = {deep},
}

@InProceedings{Yin+2018a,
  author    = {Ying, R. and He, R. and Chen, K. and Eksombatchai, P. and Hamilton, W. L. and Leskovec, J.},
  title     = {Graph Convolutional Neural Networks for Web-Scale Recommender Systems},
  booktitle = {ACM SIGKDD International Conference on Knowledge Discovery and Data Mining},
  year      = {2018},
  publisher = {ACM},
}

@InProceedings{Yin+2018,
  author    = {Ying, R. and You, J. and Morris, C. and Ren, X. and Hamilton, W. L. and Leskovec, J.},
  title     = {Hierarchical Graph Representation Learning with Differentiable Pooling},
  booktitle = {Advances in Neural Information Processing Systems},
  year      = {2018},
  pages     = {4800--4810}
}

@Article{Yu2002,
  author  = {Yu, K. and Ji, L. and Zhang, X.},
  title   = {Kernel Nearest-Neighbor Algorithm},
  journal = {Neural Processing Letters},
  year    = {2002},
  volume  = {15},
  number  = {2},
  pages   = {147--156},
}

@InProceedings{Zug+2018,
  author    = {Z{\"u}gner, D. and Akbarnejad, A, and G{\"u}nnemann, S.},
  title     = {Adversarial Attacks on Neural Networks for Graph Data},
  booktitle = {ACM SIGKDD International Conference on Knowledge Discovery and Data Mining},
  year      = {2018},
}

@InProceedings{Zha+2017,
  author    = {Zhang, M. and Chen, Y.},
  title     = {{Weisfeiler-Lehman} Neural Machine for Link Prediction},
  booktitle = {ACM SIGKDD International Conference on Knowledge Discovery and Data Mining},
  year      = {2017},
  pages     = {575--583},
  publisher = {ACM},
}

@InProceedings{Zha+2018,
  author    = {Zhang, M. and Cui, Z. and Neumann, M. and Yixin, C.},
  title     = {An End-to-End Deep Learning Architecture for Graph Classification},
  booktitle = {AAAI Conference on Artificial Intelligence},
  year      = {2018},
  pages     = {4428--4435},
  keywords  = {deep},
  owner     = {morris},
  timestamp = {2018.01.04},
}

@Book{Zol1986,
  title     = {One-dimensional stable distributions},
  publisher = {{AMS}},
  year      = {1986},
  author    = {Zolotarev, V. M.},
  series    = {Translations of mathematical monographs},
  address   = {Providence, RI},
}

@Book{Wei+1976,
  title     = {On Construction and Identification of Graphs},
  publisher = {Springer},
  year      = {1976},
  author    = {Weisfeiler, B.},
  series    = {Lecture Notes in Mathematics, Vol. 558},
}

@Article{Wei+1968,
  author  = {B.~Weisfeiler and A.~Leman.},
  title   = {The reduction of a graph to canonical form and the algebra which appears therein},
  journal = {Nauchno-Technicheskaya Informatsia},
  year    = {1968},
  volume  = {2},
  number  = {9},
  pages   = {12--16},
  note    = {English translation by G. Ryabov is available at \url{https://www.iti.zcu.cz/wl2018/pdf/wl_paper_translation.pdf}},
}

@Unpublished{Bab1979,
  author = {L{\'a}szl{\'o} Babai},
  title  = {Lectures on Graph Isomorphism},
  note   = {University of Toronto, Department of Computer Science. Mimeographed lecture notes, October 1979},
  year   = {1979},
}

@InProceedings{Pas+2019,
  author    = {A. Paszke and S. Gross and F. Massa and A. Lerer and J. Bradbury and G. Chanan and T. Killeen and Z. Lin and N. Gimelshein and L. Antiga and A. Desmaison and A. K{\"{o}}pf and E. Yang and Z. DeVito and M. Raison and A. Tejani and S. Chilamkurthy and B. Steiner and L. Fang and J. Bai and S. Chintala},
  title     = {{PyTorch: A}n Imperative Style, High-Performance Deep Learning Library},
  booktitle = {Advances in Neural Information Processing Systems},
  year      = {2019},
  pages     = {8024--8035},
}

@Comment{jabref-meta: databaseType:bibtex;}
